2576 3607
612 178 1449 276 AWJMADVERSJO
1529 209 1709 268 XVI.
2004 240 2082 292 27

204 338 288 378 re,
311 309 971 374 didiciffem,Professorum
1004 325 1171 362 autem
1199 310 1898 372 BononienfiumDoffiffimi
1928 323 2052 392 saepe
2084 326 2175 376 mi-

206 391 255 442 hi
285 385 686 446 confirmassent,
722 383 768 435 se
799 382 898 449 jam
940 383 1059 436 olim
1108 380 1369 437 istiusmodi
1407 385 1667 455 glandulas
1713 406 1829 439 cum
1862 394 2050 463 Magno
2086 397 2173 451 suo

204 463 518 529 Praeceptore
548 455 832 527 Malpighio
866 459 915 508 in
945 474 1108 526 equo,
1146 460 1194 507 in
1225 455 1358 508 asino
1392 495 1407 520 ,
1446 461 1494 510 in
1527 478 1674 512 mure
1713 460 1985 514 domestico
2023 470 2174 539 majo.

202 551 291 594 re,
327 531 670 598 nonnullisthe
716 531 819 581 aliis
868 527 1195 582 animantibus
1223 530 1398 582 vidisse
1432 556 1443 599 3
1483 531 1646 585 fateor
1677 571 1694 595 ,
1733 536 1969 601 inquam,
2010 556 2089 589 me
2120 546 2169 595 in

204 608 373 676 primo
404 605 539 673 quod
569 602 795 655 oblatum
830 602 927 666 est,
967 604 1209 655 cadavere
1238 602 1462 656 humano
1491 608 1760 669 invenisse,
1798 599 1848 662 δε
1881 627 1938 659 ea
1971 611 2170 676 quidem

205 678 576 746 magnitudine,
622 694 677 729 ut
700 691 914 747 parvum
939 673 1216 745 phaseolum
1248 677 1564 748 superarent:
1593 681 1892 748 easdemque
1923 682 2172 734 interdum

204 754 338 823 pari,
378 750 495 803 alias
528 753 719 802 minore
752 749 1096 817 magnitudine
1129 752 1179 798 in
1218 750 1446 818 plurimis
1475 753 1709 824 deinceps
1748 752 2068 807 cadaveribus
2094 755 2176 808 vel

203 822 317 876 etim
351 823 481 876 aliud
515 840 752 892 agerem,
790 820 1126 890 conspexisse.
1166 821 1264 872 Sed
1295 823 1496 875 viciffim
1529 844 1712 878 norunt
1744 829 1907 879 Amici
1938 829 2036 878 mei
2076 829 2173 881 Ve.

204 900 340 959 neti,
380 898 572 966 quoties
608 913 707 946 non
742 912 842 963 ego
875 892 1063 956 modo,
1102 892 1276 945 verum
1311 899 1459 947 etiam
1492 899 1531 947 is
1564 901 1645 965 qui
1681 917 1880 952 mecum
1915 900 2173 968 diligentis-

201 969 323 1023 sime
352 965 705 1040 perquirebat,
742 968 837 1020 Vir
876 966 958 1019 Cl.
990 965 1042 1021 &
1076 967 1511 1021 Exercitatiffimus
1545 973 1834 1023 Santorinus
1870 970 2044 1025 frustra
2080 974 2172 1025 eas-

201 1044 319 1095 dem
348 1041 690 1109 indagaverit,
728 1038 841 1093 cum
874 1058 976 1094 non
1012 1057 1129 1092 eum
1159 1039 1418 1093 dumtaxat
1451 1044 1498 1094 in
1534 1058 1636 1110 quo
1667 1043 1825 1096 solent
1858 1045 1986 1107 esse,
2027 1047 2173 1098 notis-

199 1115 380 1167 simum
409 1113 614 1177 locum,
651 1113 730 1166 sed
760 1131 967 1168 omnem
998 1112 1218 1181 undique
1254 1116 1487 1167 viciniam
1519 1114 1652 1167 lenta
1684 1135 1868 1178 manu,
1905 1115 1957 1171 ἂν
1994 1117 2170 1170 defixis

196 1188 356 1240 oculis
387 1186 829 1257 perlustraremus:
866 1203 968 1257 quo
999 1186 1201 1255 quidem
1230 1203 1467 1255 tempore
1500 1187 1601 1240 hoc
1630 1187 1698 1241 est
1728 1191 1792 1241 A.
1829 1206 1987 1255 1707.
2017 1207 2073 1242 ut
2102 1193 2169 1244 in-

196 1278 274 1313 ter
305 1261 411 1328 ejus
443 1263 554 1313 anni
586 1260 956 1314 observationes
993 1260 1227 1328 scriptum
1267 1259 1464 1322 habeo,
1504 1260 1788 1329 glandulam
1824 1260 2042 1312 vidimus
2082 1261 2170 1315 fin-

197 1334 458 1403 gularem,
494 1337 540 1386 in
573 1336 772 1399 medi0,
814 1333 897 1387 sub
928 1349 1160 1384 extremo
1193 1331 1346 1385 statim
1379 1332 1533 1384 bulbo
1566 1332 1813 1402 positam,
1834 1336 1979 1401 eique
2011 1335 2168 1388 adhae-

195 1424 424 1460 rentem.
476 1406 733 1461 Caeterum
764 1426 866 1460 non
903 1402 1093 1458 tantum
1134 1406 1362 1458 Venetiis
1390 1445 1408 1469 ,
1445 1406 1527 1458 sed
1569 1406 1621 1461 δε
1653 1408 1838 1458 Patavii
1876 1423 1983 1458 tum
2017 1408 2168 1471 mihi,

197 1495 309 1530 tum
343 1481 584 1533 nonnullis
617 1479 946 1533 Auditor-ibus
980 1480 1106 1529 meis
1147 1481 1388 1547 contigit,
1424 1496 1484 1531 un
1528 1477 1750 1548 Mucofits
1793 1478 2056 1546 glandulas
2092 1483 2169 1533 iae—

196 1569 267 1623 pe
297 1553 435 1604 nullo
472 1554 729 1620 negotio,
768 1553 884 1603 alias
921 1570 983 1601 ne
1020 1554 1157 1601 omni
1189 1552 1393 1617 quidem
1442 1551 1701 1621 diligentia
1740 1551 1960 1603 adhibita
1996 1554 2166 1605 videre

194 1625 475 1696 possemus.
530 1624 690 1690 Qod
735 1624 920 1674 addere
965 1620 1050 1681 hic
1085 1622 1252 1683 volui,
1287 1641 1388 1675 non
1422 1639 1478 1674 ut
1512 1627 1615 1676 veri
1645 1624 1854 1693 ipsarum
1892 1625 2167 1677 Inventoris

198 1697 358 1763 gloria
391 1694 487 1745 ulla
521 1711 581 1746 ex
617 1711 757 1764 parte
785 1696 1135 1760 imminu-atum
1175 1708 1341 1759 neque
1373 1698 1505 1745 enim
1540 1713 1628 1746 eos
1664 1699 1749 1763 qui
1784 1696 1999 1766 exempli
2031 1700 2165 1750 causa

197 1766 533 1839 Pyramidales
560 1766 814 1820 Musculos
843 1768 1138 1819 invenerunt
1164 1804 1182 1828 ,
1218 1764 1379 1818 minus
1411 1782 1685 1837 propterea
1732 1767 1991 1819 laudamus
2025 1770 2163 1837 quod

196 1841 248 1894 hi
282 1860 382 1894 non
412 1841 606 1909 semper
636 1856 932 1893 occurrant.
972 1839 1070 1891 Sed
1104 1837 1531 1906 quemadmodum
1568 1840 1627 1892 ad
1663 1855 1947 1892 accuratam
1979 1839 2162 1894 horum

196 1913 444 1968 historiam
474 1913 818 1967 absolvendam
852 1911 950 1964 hoc
982 1912 1134 1982 ipsum
1167 1930 1270 1963 non
1301 1909 1369 1963 est
1399 1913 1759 1978 omittendum3
1790 1911 1856 1965 fic
1887 1913 2166 1982 intelligen-

200 1988 319 2040 dum
355 1986 423 2041 est
458 2004 553 2057 qua
581 1991 629 2040 in
659 2005 715 2039 re
748 1985 1021 2038 defecerint
1050 1985 1118 2037 illi
1158 1985 1183 2037 a
1225 1983 1402 2054 quibus
1434 1983 1512 2037 hae
1543 1985 1804 2040 Glandulae
1827 1982 2017 2055 fizltem
2052 1986 2165 2037 dili.

195 2062 389 2128 gentius
426 2056 648 2111 exhibitae
687 2059 789 2112 esse
826 2059 1090 2112 dicuntur.

434 2200 1614 2270 ANIMADVERSIO
1715 2202 1925 2270 XVI.

363 2345 488 2399 Une
517 2343 676 2415 porro
716 2344 777 2396 ab
808 2345 866 2396 iis
896 2360 1004 2413 quae
1037 2345 1085 2396 in
1123 2342 1208 2397 ista
1236 2343 1682 2407 Animadverfione
1718 2346 1779 2397 ad
1816 2346 2053 2398 Tei-ranei
2090 2347 2160 2398 Fi-

390 2437 580 2490 guram
627 2418 887 2470 dumtaxat
933 2418 1192 2489 pertinent
1216 2458 1232 2482 ,
1271 2420 1330 2470 ad
1369 2417 1459 2469 alia
1509 2433 1619 2484 quae
1667 2420 1716 2469 in
1754 2436 1916 2469 meam
1955 2435 2158 2486 quoque

196 2493 373 2559 scripta
410 2494 546 2555 sunt,
585 2493 915 2543 transeamus:
954 2506 1063 2558 quae
1096 2492 1299 2558 quidem
1329 2506 1417 2561 per
1442 2489 1586 2561 plura
1617 2493 1748 2542 inter
1769 2487 1914 2559 sese
1931 2487 2157 2560 subjecf't'ae

198 2565 424 2635 castigat&
453 2566 653 2627 collata,
689 2567 860 2615 exacti&
887 2576 1103 2633 percepta
1140 2565 1239 2616 esse
1290 2564 1552 2615 dicuntur.
1610 2564 1707 2616 Sed
1750 2579 1931 2631 quanta
1971 2564 2054 2615 ista
2093 2564 2158 2614 di-

198 2637 402 2705 ligentia
431 2638 617 2700 fuerit,
650 2658 710 2691 ex
748 2637 873 2700 hac,
911 2636 961 2690 δε
991 2639 1229 2705 proximis
1269 2634 1786 2688 Animadversionibus
1819 2635 2154 2705 intelligetur.

197 2710 310 2760 Nos
352 2711 484 2762 certe
515 2728 622 2778 quae
663 2714 905 2780 pinximus
933 2746 949 2771 ,
992 2709 1041 2762 ἃ
1087 2726 1194 2776 quae
1235 2708 1600 2779 descripsimuS,
1639 2727 1695 2760 ea
1737 2728 1836 2761 non
1870 2727 1955 2775 per
1981 2708 2155 2778 plura,

201 2781 281 2831 sed
317 2799 406 2847 per
441 2782 654 2848 plurima
683 2783 856 2832 sedulo
904 2785 1033 2832 inter
1074 2781 1119 2832 se
1150 2799 1428 2849 comparata
1459 2780 1665 2847 subje5³ta
1711 2782 1880 2830 εκαὲἷὲ
1919 2796 2155 2846 percepe-

202 2870 370 2903 ramus
392 2890 403 2902 .
449 2855 619 2918 Itaque
647 2851 735 2903 etsi
765 2852 1132 2902 observationes
1168 2858 1214 2902 in
1249 2853 1446 2916 fingulis
1479 2852 1699 2910 habitas,
1740 2867 1903 2900 rerum
1944 2848 2156 2900 similitu-

203 2926 350 2983 dine,
387 2923 438 2978 ὅ(
474 2927 663 2977 recenti
705 2925 946 2974 memoria
980 2919 1088 2971 freti
1120 2938 1282 2989 neque
1320 2939 1495 2972 omnes
1533 2920 1837 2990 scripfimus,
1877 2939 2039 2989 neque
2075 2941 2155 2974 eas

202 3014 322 3064 quas
354 2996 660 3063 scripsimus,
698 3014 870 3048 omnes
905 2995 966 3044 ad
1002 2993 1100 3045 hoc
1132 2995 1283 3061 usque
1315 3011 1512 3062 tempus
1548 2994 1870 3058 servavimuS,
1910 2996 2151 3047 tredecim

196 3085 364 3122 tamen
396 3086 458 3119 ex
494 3088 556 3122 eo
587 3087 800 3122 numero
838 3066 996 3119 adhuc
1030 3067 1296 3129 habemus,
1333 3067 1512 3133 quibus
1547 3065 1653 3133 post
1699 3069 1827 3119 edita
1861 3069 2154 3121 Adversaria

202 3142 317 3195 alias
351 3157 563 3209 quatuor
601 3143 651 3197 ὅ(
687 3144 858 3210 viginti
893 3140 1198 3206 addidimus3
1238 3157 1293 3191 ut
1324 3158 1431 3208 quae
1464 3158 1592 3190 nunc
1622 3141 1844 3208 scripturi
1873 3141 2061 3199 sumus,
2092 3160 2152 3194 ea

200 3235 264 3270 ex
296 3213 553 3283 subjeffiS,
592 3219 878 3282 minimum,
913 3215 1100 3288 septem
1133 3213 1184 3268 ἃ
1221 3217 1422 3284 triginta
1455 3216 1680 3267 accurate
1716 3218 1842 3265 inter
1880 3215 1926 3266 se
1959 3214 2152 3266 collatis

1430 3289 1479 3340 D
1561 3306 1590 3336 2
1967 3287 2081 3338 didi-
