2501 3602
559 201 987 261 A⁶NJMAD
1007 198 1131 261 VE
1151 199 1306 274 Rs]
1330 208 1375 260 o
1465 208 1741 267 XXVII.
1987 236 2012 286 3
2030 238 2055 288 3

179 309 275 369 Iius
308 310 610 387 Appendicis
659 306 1019 370 cohaefionem{
1059 325 1210 378 quam
1260 312 1410 361 etiam
1451 314 1634 367 indicat
1677 318 2025 376 Solertiffimus
2069 322 2152 376 Li-

180 392 330 450 trius,
367 401 481 435 cum
526 381 935 436 anteriori—facie
968 383 1173 435 Parietis
1221 382 1364 435 Sellae
1400 383 1687 453 posterioris
1722 390 1869 444 facile
1917 395 2146 458 vidisset,

177 461 313 526 cujus
346 453 631 508 cohaefionis
661 453 809 508 causa
843 455 932 517 fit,
972 471 1028 506 ut
1063 454 1257 507 tametsi
1293 459 1422 509 inter
1454 455 1604 510 bafim
1642 459 1967 528 posteriorem
1998 469 2147 521 Glan-

176 531 302 583 dnlae
330 567 349 592 ,
387 528 438 583 δε
465 531 616 581 imam
666 527 844 591 Sellae,
877 543 934 579 ac
960 532 1227 580 memorati
1274 528 1424 599 ipsius
1457 531 1666 584 Parietis
1698 547 1896 600 partem
1932 540 2148 604 spatium

175 601 379 670 aliquod
409 600 717 670 relinquatur
747 618 840 672 per
870 600 1006 669 quod
1041 601 1384 672 Receptacula
1423 605 1551 654 inter
1580 605 1628 655 se
1667 609 2148 673 communicant,ea

171 690 343 726 tamen
372 675 759 727 communicatio
789 672 924 725 nulla
962 673 1161 741 prorsus
1199 672 1288 738 sit,
1327 674 1410 728 ubi
1443 675 1505 727 ab
1534 678 1636 729 ima
1665 677 1746 729 illa
1784 695 1931 748 parte
1966 681 2027 731 ad
2050 679 2150 748 seb-

173 746 227 795 lae
267 743 457 813 dorficm
496 744 801 816 aliquantum
830 744 1127 812 ascenderi33
1170 744 1364 799 tantum
1403 750 1541 800 enim
1568 747 1700 802 abest
1726 789 1744 815 ,
1782 767 1839 801 ut
1866 788 1908 815 „
1942 750 2042 804 hoc
2078 754 2150 804 lo-

172 857 207 883 „
246 818 306 871 co
339 820 577 888 glandula
605 838 705 873 non
741 817 871 871 adeo
901 818 1189 870 immediate
1228 818 1551 873 co—nnestatur
1587 839 1705 875 cum
1744 819 1882 876 offe&
1915 842 2145 894 recepta-

168 929 201 954 „
240 891 354 945 cul&
390 892 474 945 su&
506 914 517 962 3
552 930 588 955 υ
624 909 847 945 convexa
880 890 1007 943 illius
1050 891 1320 960 Appendix
1354 893 1403 943 se
1438 893 1485 944 se
1516 894 1742 947 immittit
1777 897 1828 947 in
1876 913 2150 954 concavam

170 964 316 1031 hujus
352 962 693 1035 superficiem,
728 966 779 1017 in
806 962 946 1029 cujus
978 978 1250 1032 propterea
1284 964 1455 1016 medio
1489 963 1622 1018 haud
1656 968 1775 1019 raro
1815 971 1967 1023 etiam
2006 989 2148 1027 exca-

166 1053 278 1088 vata
307 1035 374 1089 est
390 1034 524 1106 quasi
555 1034 926 1105 hemisphaerica
955 1034 1489 1107 foveola,Appendici
1507 1039 1791 1096 adamuffim
1823 1042 2145 1112 respondem,

165 1109 418 1178 ipsamque
448 1110 729 1178 excipiens.
769 1107 934 1176 Qod
967 1105 1005 1159 si
1036 1109 1385 1178 Appendicem
1420 1108 1547 1163 hanc
1580 1131 1643 1165 ex
1674 1113 1908 1167 molliore
1939 1115 2145 1170 substan-

164 1183 229 1235 tia
266 1178 515 1245 constare,
551 1181 1074 1242 animadverterimus,
1111 1179 1245 1233 haud
1276 1181 1473 1235 difficile
1512 1186 1607 1237 erit
1637 1186 1929 1255 conjicere,
1969 1205 2141 1258 quam-

160 1253 341 1307 obrem
374 1256 427 1304 in
456 1254 697 1322 ejufinodi
723 1251 953 1317 foveola,
983 1269 1071 1304 aut
1105 1255 1243 1305 certe
1274 1256 1327 1308 in
1358 1272 1581 1309 concavo
1611 1257 1699 1311 isto
1731 1256 2006 1329 posteriore
2040 1261 2142 1315 Sel-

164 1326 224 1378 1ae
257 1328 452 1395 pariete
482 1325 543 1378 ab
575 1329 771 1380 Natura
804 1324 994 1393 pofita,
1021 1322 1075 1380 δε
1102 1325 1235 1395 quasi
1267 1327 1550 1380 abscondita
1591 1328 1683 1393 fit,
1721 1333 1992 1403 praesertim
2027 1331 2142 1387 ciim

164 1415 353 1470 praeeat
380 1398 521 1451 nobis
560 1397 880 1453 Doffiffimus
909 1401 1235 1463 Brunnerus,
1275 1403 1360 1469 qui
1398 1418 1510 1453 eam
1543 1404 1842 1471 potiffimum
1878 1405 2144 1459 Glandulae

165 1487 362 1541 partem
389 1507 405 1533 2
439 1488 618 1543 utpote
663 1470 979 1535 molliorem,
1013 1508 1048 1533 „
1083 1470 1166 1523 sub
1203 1472 1433 1540 proceflu
1471 1474 1598 1527 sellae
1636 1474 1931 1545 posteriori,
1969 1482 2053 1547 qui
2091 1478 2347 1545 fi-100,c1‘g,

164 1580 200 1607 „
239 1561 450 1608 nuatur,
488 1544 794 1598 reconditam
827 1545 957 1607 esse,
996 1544 1186 1605 scribit,
1223 1563 1278 1598 ut
1315 1546 1376 1598 ab
1409 1547 1731 1601 incumbente
1764 1550 1903 1602 mole
1944 1551 2141 1605 cerebri

165 1653 201 1680 „
236 1634 401 1685 neque
433 1618 725 1687 comprimi,
760 1633 922 1686 neque
955 1620 1124 1685 urgeri
1159 1616 1357 1671 aliunde
1395 1637 1478 1672 aut
1509 1620 1680 1673 violari
1714 1622 1891 1691 poffit.
1932 1660 1966 1686 „
2055 1627 2143 1678 At-

166 1705 265 1757 que
294 1689 403 1741 haec
439 1692 641 1759 quidem
670 1687 771 1742 istic
802 1705 1035 1759 poterant
1066 1688 1219 1757 quam
1252 1691 1539 1761 pauciffimis
1570 1691 1736 1745 verbis
1764 1695 2002 1758 indicari,
2023 1713 2143 1767 prae-

165 1762 333 1812 lertim
368 1761 482 1813 cum
524 1777 603 1813 tot
641 1761 795 1814 verba
839 1764 990 1814 etiam
1021 1761 1205 1814 iterato
1242 1764 1365 1816 fiant
1410 1765 1474 1817 de
1510 1765 1765 1818 notiffimis
1820 1766 1947 1821 basis
1985 1772 2139 1821 cranii

166 1834 419 1902 partibus,
455 1833 650 1900 aliisque
679 1832 921 1899 ejusmodi
952 1831 1135 1894 rebus,
1172 1850 1337 1901 neque
1369 1851 1539 1891 tamen
1568 1837 1766 1906 semper
1813 1840 1923 1890 satis
1959 1842 2142 1910 perspi-

171 1905 262 1958 cue
282 1944 299 1968 ,
334 1923 419 1958 aut
448 1907 597 1969 vere,
632 1904 787 1957 veluti
819 1903 933 1957 cum
970 1904 1160 1955 alarum
1174 1902 1470 1975 sphaenoidis
1514 1911 1720 1962 nomine
1751 1928 1851 1964 non
1883 1913 1914 1962 ii
1951 1914 2141 1981 proces·
2222 1939 2346 1995 347

168 1977 243 2027 sus
279 1977 421 2043 hujus
461 1977 568 2028 offis
600 1992 725 2041 quos
757 1980 1040 2027 Anatomici
1068 1977 1227 2028 solent
1257 1997 1373 2032 cum
1400 1982 1489 2032 alis
1527 1998 1853 2050 comparare,
1894 1983 2144 2053 designan-

166 2065 250 2100 tur
273 2087 291 2110 ,
326 2048 412 2099 ,sed
455 2045 686 2098 laterales
728 2045 823 2096 illae
850 2083 867 2109 ,
905 2062 1056 2114 atque
1098 2046 1336 2116 oblongae
1374 2050 1479 2116 ejus
1523 2067 1691 2118 partes
1721 2068 1831 2119 quae
1867 2055 1997 2105 inter
2039 2054 2142 2109 ossa

169 2136 461 2188 temporum
495 2156 513 2183 ,
546 2117 599 2174 δε
632 2116 808 2169 frontis
856 2118 1119 2170 ascendunt
1147 2154 1165 2182 ,
1205 2134 1327 2187 quas
1375 2122 1580 2189 quidem
1617 2121 1820 2173 Alarusn
1850 2122 2136 2194 Sphenoidis

169 2193 380 2244 nomine
408 2209 560 2244 nemo
589 2190 863 2260 intelligat,
900 2189 988 2243 nisi
1019 2189 1091 2242 fi:
1127 2192 1553 2258 quemadmodum
1586 2194 1914 2265 Verheyenio
1943 2198 2138 2266 placet:
2163 2222 2243 2263 1²1,
2272 2236 2322 2267 tr.
2352 2241 2384 2275 5·

166 2265 443 2331 addideri83
482 2280 565 2317 aut
604 2259 717 2314 cum
756 2265 959 2315 tertium
1010 2263 1230 2333 ejusdem
1266 2264 1377 2317 offis
1412 2264 1640 2319 foramen
1670 2284 1762 2336 per
1814 2272 1952 2338 quod
1984 2272 2135 2326 Rami
2164 2285 2257 2326 ⁶390
2287 2292 2320 2324 5-

162 2338 428 2389 anterioris
457 2337 592 2389 Paris
621 2337 775 2404 quinti
813 2336 1036 2398 Ramus,
1073 2353 1129 2389 ut
1165 2334 1481 2391 Vieussenius
1520 2339 1740 2410 appellat
1770 2378 1787 2404 ,
1824 2345 1986 2395 minor
2017 2344 2137 2397 infe-

165 2411 272 2461 rior
307 2409 336 2462 ἐ
374 2412 522 2462 cranii
560 2406 661 2460 bafi
705 2409 842 2464 certe
881 2408 1143 2479 egreditur
1167 2442 1185 2471 ,
1223 2404 1367 2478 basim
1400 2414 1572 2464 Cranii
1598 2429 1691 2464 non
1719 2412 1994 2484 perforare,
2027 2414 2139 2472 affe·
2204 2432 2338 2485 347.

167 2497 336 2536 verat.

350 2625 1536 2696 ANIMADVERSIO
1627 2629 1960 2696 XXVII.

339 2766 438 2818 Am
471 2779 580 2832 quae
626 2763 690 2815 de
721 2764 1014 2817 Nervorum
1057 2769 1333 2837 originibus
1364 2771 1457 2822 Vir
1494 2767 1576 2820 CI.
1613 2769 1817 2821 subinde
1854 2769 2132 2833 interserit,

171 2762 335 2905 N
375 2853 551 2888 eorum
583 2834 821 2906 pleraque
855 2852 940 2886 aut
972 2841 1132 2906 magis
1169 2839 1397 2893 accurate
1416 2841 1572 2901 tradi,
1593 2856 1677 2891 aut
1706 2843 1754 2890 in
1791 2838 1877 2894 ista
1912 2841 2138 2911 Explica-

171 2918 309 2963 tione
339 2946 355 2972 ,
395 2909 457 2960 ad
502 2924 652 2977 quam
692 2906 875 2976 alioqui
917 2928 1018 2960 non
1062 2912 1314 2981 pertinent
1344 2950 1361 2976 ,
1399 2910 1619 2963 debuisse
1667 2914 1830 2966 omitti
1866 2913 2134 2981 videntur3

172 3001 290 3036 nam
321 2980 402 3035 Vel

463 3087 497 3098 .-
530 3065 701 3122 gratas
739 3055 866 3104 inter
900 3050 1086 3120 mensc'ts
1109 3053 1398 3127 sjmphonia
1434 3054 1646 3124 diſsors,

463 3133 527 3175 Et
566 3121 765 3192 crassum
801 3140 1125 3192 unguentum,
1163 3126 1222 3185 ὠ·
1247 3127 1404 3196 sardo
1440 3147 1544 3178 cum
1581 3128 1723 3178 melle
1754 3143 1968 3199 papaver

462 3192 754 3265 Offendunt,
787 3209 976 3264 potera&
1010 3197 1118 3249 duci
1153 3204 1260 3269 quia
1296 3219 1420 3251 coena
1442 3199 1548 3269 fine
1584 3200 1691 3268 istis
1712 3240 1722 3253 .

1316 3276 1357 3325 E
1898 3263 1905 3266 ”
2003 3279 2068 3329 Et
