<?xml version="1.0" encoding="UTF-8"?>
<!DOCTYPE html PUBLIC "-//W3C//DTD XHTML 1.0 Transitional//EN"
    "http://www.w3.org/TR/xhtml1/DTD/xhtml1-transitional.dtd">
<html xmlns="http://www.w3.org/1999/xhtml" xml:lang="en" lang="en">
 <head>
  <title>
</title>
<meta http-equiv="Content-Type" content="text/html;charset=utf-8" />
  <meta name='ocr-system' content='tesseract 3.04.00' />
  <meta name='ocr-capabilities' content='ocr_page ocr_carea ocr_par ocr_line ocrx_word'/>
</head>
<body>
  <div class='ocr_page' id='page_1' title='image "adversariaanatom00morg_0119.png"; bbox 0 0 2576 3607; ppageno 0'>
   <div class='ocr_carea' id='block_1_1' title="bbox 571 190 1856 399">
    <p class='ocr_par' dir='ltr' id='par_1_1' title="bbox 571 190 1856 398">
     <span class='ocr_line' id='line_1_1' title="bbox 571 190 1856 288; baseline 0.013 -36"><span class='ocrx_word' id='word_1_1' title='bbox 571 190 907 277; x_wconf 70' lang='lat' dir='ltr'>Illustrz&#39;ffimo</span> <span class='ocrx_word' id='word_1_2' title='bbox 926 239 946 268; x_wconf 86' lang='lat'><em>,</em></span> <span class='ocrx_word' id='word_1_3' title='bbox 990 190 1065 277; x_wconf 47' lang='grc' dir='ltr'>ᾗῇ)</span> <span class='ocrx_word' id='word_1_4' title='bbox 1126 195 1594 282; x_wconf 68' lang='lat' dir='ltr'>Reverendiffimo</span> <span class='ocrx_word' id='word_1_5' title='bbox 1642 208 1856 288; x_wconf 71' lang='lat' dir='ltr'><em>Praefhli</em></span> 
     </span>
     <span class='ocr_line' id='line_1_2' title="bbox 1055 331 1379 399; baseline 0.007 -3"><span class='ocrx_word' id='word_1_6' title='bbox 1055 331 1140 396; x_wconf 88' lang='lat' dir='ltr'>D.</span> <span class='ocrx_word' id='word_1_7' title='bbox 1294 334 1379 399; x_wconf 88' lang='lat' dir='ltr'>D.</span> 
     </span>
    </p>
   </div>
   <div class='ocr_carea' id='block_1_2' title="bbox 250 465 2194 801">
    <p class='ocr_par' dir='ltr' id='par_1_2' title="bbox 250 465 2194 801">
     <span class='ocr_line' id='line_1_3' title="bbox 347 465 2189 584; baseline 0.002 -5"><span class='ocrx_word' id='word_1_8' title='bbox 347 465 2189 584; x_wconf 77' lang='lat' dir='ltr'>JOANNIMARIAE</span> 
     </span>
     <span class='ocr_line' id='line_1_4' title="bbox 250 643 2194 801; baseline 0.01 -17"><span class='ocrx_word' id='word_1_9' title='bbox 250 643 372 786; x_wconf 95' lang='lat' dir='ltr'>L</span> <span class='ocrx_word' id='word_1_10' title='bbox 513 646 670 785; x_wconf 76' lang='lat' dir='ltr'><strong>A</strong></span> <span class='ocrx_word' id='word_1_11' title='bbox 816 644 975 785; x_wconf 90' lang='lat' dir='ltr'>N</span> <span class='ocrx_word' id='word_1_12' title='bbox 1126 648 1264 788; x_wconf 89' lang='lat' dir='ltr'>C</span> <span class='ocrx_word' id='word_1_13' title='bbox 1405 649 1475 792; x_wconf 94' lang='lat' dir='ltr'>I</span> <span class='ocrx_word' id='word_1_14' title='bbox 1614 655 1701 799; x_wconf 79' lang='lat' dir='ltr'>S</span> <span class='ocrx_word' id='word_1_15' title='bbox 1841 657 1911 798; x_wconf 95' lang='lat' dir='ltr'>I</span> <span class='ocrx_word' id='word_1_16' title='bbox 2051 670 2194 801; x_wconf 86' lang='grc' dir='ltr'>Ο</span> 
     </span>
    </p>
   </div>
   <div class='ocr_carea' id='block_1_3' title="bbox 380 861 2060 948">
    <p class='ocr_par' dir='ltr' id='par_1_3' title="bbox 380 861 2060 948">
     <span class='ocr_line' id='line_1_5' title="bbox 380 861 2060 948; baseline 0.01 -19"><span class='ocrx_word' id='word_1_17' title='bbox 380 862 633 932; x_wconf 88' lang='lat' dir='ltr'>Intimo</span> <span class='ocrx_word' id='word_1_18' title='bbox 680 861 1153 944; x_wconf 69' lang='lat' dir='ltr'>Cubiculano,</span> <span class='ocrx_word' id='word_1_19' title='bbox 1203 872 1266 934; x_wconf 66' lang='grc' dir='ltr'>ὃς</span> <span class='ocrx_word' id='word_1_20' title='bbox 1312 868 1661 940; x_wconf 70' lang='lat' dir='ltr'>Alchiatro</span> <span class='ocrx_word' id='word_1_21' title='bbox 1708 877 2060 948; x_wconf 84' lang='lat' dir='ltr'>Pontificio</span> 
     </span>
    </p>
   </div>
   <div class='ocr_carea' id='block_1_4' title="bbox 581 1326 1866 1421">
    <p class='ocr_par' dir='ltr' id='par_1_4' title="bbox 581 1326 1866 1421">
     <span class='ocr_line' id='line_1_6' title="bbox 581 1326 1866 1421; baseline 0.012 -35"><span class='ocrx_word' id='word_1_22' title='bbox 581 1326 818 1410; x_wconf 74' lang='lat' dir='ltr'>Joannes</span> <span class='ocrx_word' id='word_1_23' title='bbox 868 1332 1121 1417; x_wconf 75' lang='lat' dir='ltr'><em>Baptista</em></span> <span class='ocrx_word' id='word_1_24' title='bbox 1168 1338 1502 1421; x_wconf 74' lang='lat' dir='ltr'><em>Morgagnus</em></span> <span class='ocrx_word' id='word_1_25' title='bbox 1557 1338 1615 1397; x_wconf 83' lang='lat' dir='ltr'>S.</span> <span class='ocrx_word' id='word_1_26' title='bbox 1665 1342 1736 1398; x_wconf 86' lang='lat' dir='ltr'>P.</span> <span class='ocrx_word' id='word_1_27' title='bbox 1783 1345 1866 1401; x_wconf 89' lang='lat' dir='ltr'>D.</span> 
     </span>
    </p>
   </div>
   <div class='ocr_carea' id='block_1_5' title="bbox 265 1508 861 2101">
    <p class='ocr_par' dir='ltr' id='par_1_5' title="bbox 265 1508 861 2101">
     <span class='ocr_line' id='line_1_7' title="bbox 265 1508 861 2101; baseline 0 1506"><span class='ocrx_word' id='word_1_28' title='bbox 265 1508 861 2101; x_wconf 95' lang='lat' dir='ltr'> </span> 
     </span>
    </p>
   </div>
   <div class='ocr_carea' id='block_1_6' title="bbox 246 2044 2196 3238">
    <p class='ocr_par' dir='ltr' id='par_1_6' title="bbox 246 2044 2196 3238">
     <span class='ocr_line' id='line_1_8' title="bbox 919 2044 2196 2138; baseline 0.005 -30"><span class='ocrx_word' id='word_1_29' title='bbox 919 2065 997 2108; x_wconf 81' lang='lat' dir='ltr'>ro</span> <span class='ocrx_word' id='word_1_30' title='bbox 1057 2044 1964 2134; x_wconf 79' lang='lat' dir='ltr'>Praec1.Humaniffimoque</span> <span class='ocrx_word' id='word_1_31' title='bbox 2035 2050 2196 2138; x_wconf 84' lang='lat' dir='ltr'>Hip-</span> 
     </span>
     <span class='ocr_line' id='line_1_9' title="bbox 246 2144 2193 2247; baseline 0.001 -24"><span class='ocrx_word' id='word_1_32' title='bbox 246 2161 473 2247; x_wconf 79' lang='lat' dir='ltr'>polyto</span> <span class='ocrx_word' id='word_1_33' title='bbox 509 2155 845 2223; x_wconf 80' lang='lat' dir='ltr'>Franciseo</span> <span class='ocrx_word' id='word_1_34' title='bbox 883 2154 1265 2231; x_wconf 76' lang='lat' dir='ltr'>AlbertinO‚</span> <span class='ocrx_word' id='word_1_35' title='bbox 1303 2144 1695 2221; x_wconf 71' lang='lat' dir='ltr'>Bononiensi</span> <span class='ocrx_word' id='word_1_36' title='bbox 1732 2158 2002 2224; x_wconf 82' lang='lat' dir='ltr'>Medico</span> <span class='ocrx_word' id='word_1_37' title='bbox 2038 2160 2193 2226; x_wconf 76' lang='lat' dir='ltr'>Prae-</span> 
     </span>
     <span class='ocr_line' id='line_1_10' title="bbox 246 2262 2188 2356; baseline -0.001 -20"><span class='ocrx_word' id='word_1_38' title='bbox 246 2270 661 2346; x_wconf 82' lang='lat' dir='ltr'>stantiffimo,</span> <span class='ocrx_word' id='word_1_39' title='bbox 709 2287 854 2334; x_wconf 84' lang='lat' dir='ltr'>tum</span> <span class='ocrx_word' id='word_1_40' title='bbox 908 2266 1073 2331; x_wconf 79' lang='lat' dir='ltr'>illud</span> <span class='ocrx_word' id='word_1_41' title='bbox 1119 2266 1186 2331; x_wconf 86' lang='lat' dir='ltr'>in</span> <span class='ocrx_word' id='word_1_42' title='bbox 1234 2266 1463 2353; x_wconf 75' lang='lat' dir='ltr'><strong>primis</strong></span> <span class='ocrx_word' id='word_1_43' title='bbox 1513 2264 1753 2345; x_wconf 87' lang='lat' dir='ltr'>debeo,</span> <span class='ocrx_word' id='word_1_44' title='bbox 1796 2262 1976 2356; x_wconf 74' lang='lat' dir='ltr'>quod</span> <span class='ocrx_word' id='word_1_45' title='bbox 2022 2272 2188 2337; x_wconf 76' lang='lat' dir='ltr'>meis</span> 
     </span>
     <span class='ocr_line' id='line_1_11' title="bbox 250 2379 2188 2463; baseline 0 -12"><span class='ocrx_word' id='word_1_46' title='bbox 250 2385 327 2451; x_wconf 77' lang='lat' dir='ltr'>ad</span> <span class='ocrx_word' id='word_1_47' title='bbox 363 2384 458 2450; x_wconf 89' lang='lat' dir='ltr'>Te</span> <span class='ocrx_word' id='word_1_48' title='bbox 508 2384 700 2452; x_wconf 81' lang='lat' dir='ltr'>miffis</span> <span class='ocrx_word' id='word_1_49' title='bbox 737 2379 1141 2451; x_wconf 79' lang='lat' dir='ltr'>Adversariis</span> <span class='ocrx_word' id='word_1_50' title='bbox 1189 2379 1465 2459; x_wconf 83' lang='lat' dir='ltr'><strong>Primis,</strong></span> <span class='ocrx_word' id='word_1_51' title='bbox 1515 2379 1733 2449; x_wconf 83' lang='lat' dir='ltr'>Tuam</span> <span class='ocrx_word' id='word_1_52' title='bbox 1784 2385 1989 2463; x_wconf 75' lang='lat' dir='ltr'>mihi,</span> <span class='ocrx_word' id='word_1_53' title='bbox 2025 2382 2188 2453; x_wconf 75' lang='lat' dir='ltr'>VIR</span> 
     </span>
     <span class='ocr_line' id='line_1_12' title="bbox 248 2493 2189 2584; baseline 0.001 -22"><span class='ocrx_word' id='word_1_54' title='bbox 248 2498 347 2565; x_wconf 87' lang='lat' dir='ltr'>Su</span> <span class='ocrx_word' id='word_1_55' title='bbox 366 2521 577 2577; x_wconf 82' lang='lat' dir='ltr'>MME,</span> <span class='ocrx_word' id='word_1_56' title='bbox 625 2498 942 2584; x_wconf 77' lang='lat' dir='ltr'>gratiam,</span> <span class='ocrx_word' id='word_1_57' title='bbox 992 2498 1057 2560; x_wconf 85' lang='lat'>&amp;</span> <span class='ocrx_word' id='word_1_58' title='bbox 1104 2495 1636 2562; x_wconf 79' lang='lat' dir='ltr'>benevolentiam</span> <span class='ocrx_word' id='word_1_59' title='bbox 1684 2514 1830 2562; x_wconf 82' lang='lat' dir='ltr'>ante</span> <span class='ocrx_word' id='word_1_60' title='bbox 1880 2496 1995 2561; x_wconf 81' lang='lat' dir='ltr'>hos</span> <span class='ocrx_word' id='word_1_61' title='bbox 2030 2493 2189 2563; x_wconf 64' lang='lat' dir='ltr'>duo«</span> 
     </span>
     <span class='ocr_line' id='line_1_13' title="bbox 249 2610 2185 2697; baseline -0.001 -21"><span class='ocrx_word' id='word_1_62' title='bbox 249 2611 462 2676; x_wconf 84' lang='lat' dir='ltr'>decim</span> <span class='ocrx_word' id='word_1_63' title='bbox 506 2633 713 2677; x_wconf 73' lang='lat' dir='ltr'>annos·</span> <span class='ocrx_word' id='word_1_64' title='bbox 763 2610 1150 2679; x_wconf 76' lang='lat' dir='ltr'>conciliavit</span> <span class='ocrx_word' id='word_1_65' title='bbox 1181 2657 1195 2672; x_wconf 91' lang='lat'>.</span> <span class='ocrx_word' id='word_1_66' title='bbox 1265 2611 1367 2674; x_wconf 82' lang='lat' dir='ltr'>Ex</span> <span class='ocrx_word' id='word_1_67' title='bbox 1414 2631 1492 2675; x_wconf 87' lang='lat' dir='ltr'>eo</span> <span class='ocrx_word' id='word_1_68' title='bbox 1541 2632 1826 2697; x_wconf 81' lang='lat' dir='ltr'>namque</span> <span class='ocrx_word' id='word_1_69' title='bbox 1888 2628 2185 2695; x_wconf 85' lang='lat' dir='ltr'>tempore</span> 
     </span>
     <span class='ocr_line' id='line_1_14' title="bbox 251 2721 2182 2808; baseline -0.004 -18"><span class='ocrx_word' id='word_1_70' title='bbox 251 2724 331 2790; x_wconf 73' lang='lat' dir='ltr'>ad</span> <span class='ocrx_word' id='word_1_71' title='bbox 377 2722 549 2786; x_wconf 82' lang='lat' dir='ltr'>hunc</span> <span class='ocrx_word' id='word_1_72' title='bbox 596 2722 787 2806; x_wconf 83' lang='lat' dir='ltr'>usque</span> <span class='ocrx_word' id='word_1_73' title='bbox 835 2725 1011 2788; x_wconf 83' lang='lat' dir='ltr'>diem</span> <span class='ocrx_word' id='word_1_74' title='bbox 1060 2723 1404 2788; x_wconf 85' lang='lat' dir='ltr'>hominem</span> <span class='ocrx_word' id='word_1_75' title='bbox 1452 2744 1650 2808; x_wconf 81' lang='lat' dir='ltr'>quem</span> <span class='ocrx_word' id='word_1_76' title='bbox 1699 2722 1775 2785; x_wconf 88' lang='lat' dir='ltr'>de</span> <span class='ocrx_word' id='word_1_77' title='bbox 1822 2721 1985 2785; x_wconf 74' lang='lat' dir='ltr'>faeie</span> <span class='ocrx_word' id='word_1_78' title='bbox 2018 2740 2182 2784; x_wconf 88' lang='lat' dir='ltr'>nun-</span> 
     </span>
     <span class='ocr_line' id='line_1_15' title="bbox 249 2832 2179 2925; baseline -0.004 -20"><span class='ocrx_word' id='word_1_79' title='bbox 249 2860 447 2925; x_wconf 83' lang='lat' dir='ltr'>quam</span> <span class='ocrx_word' id='word_1_80' title='bbox 484 2836 688 2913; x_wconf 86' lang='lat' dir='ltr'>nosti,</span> <span class='ocrx_word' id='word_1_81' title='bbox 736 2855 875 2912; x_wconf 82' lang='lat' dir='ltr'>tot,</span> <span class='ocrx_word' id='word_1_82' title='bbox 910 2832 1227 2920; x_wconf 79' lang='lat' dir='ltr'>tantisque</span> <span class='ocrx_word' id='word_1_83' title='bbox 1271 2832 1616 2898; x_wconf 81' lang='lat' dir='ltr'>Beneficiis</span> <span class='ocrx_word' id='word_1_84' title='bbox 1664 2832 2046 2918; x_wconf 80' lang='lat' dir='ltr'>complexus</span> <span class='ocrx_word' id='word_1_85' title='bbox 2079 2854 2179 2912; x_wconf 71' lang='grc' dir='ltr'>ες,</span> 
     </span>
     <span class='ocr_line' id='line_1_16' title="bbox 255 2941 2180 3034; baseline -0.001 -20"><span class='ocrx_word' id='word_1_86' title='bbox 255 2966 326 3014; x_wconf 84' lang='lat' dir='ltr'>ut</span> <span class='ocrx_word' id='word_1_87' title='bbox 375 2941 529 3013; x_wconf 61' lang='lat' dir='ltr'>cnm</span> <span class='ocrx_word' id='word_1_88' title='bbox 575 2944 705 3034; x_wconf 80' lang='lat' dir='ltr'>ipsa</span> <span class='ocrx_word' id='word_1_89' title='bbox 754 2968 874 3013; x_wconf 84' lang='lat' dir='ltr'>nee</span> <span class='ocrx_word' id='word_1_90' title='bbox 918 2943 1062 3010; x_wconf 78' lang='lat' dir='ltr'>satis</span> <span class='ocrx_word' id='word_1_91' title='bbox 1113 2944 1438 3032; x_wconf 80' lang='lat' dir='ltr'>explicare</span> <span class='ocrx_word' id='word_1_92' title='bbox 1488 2944 1770 3011; x_wconf 84' lang='lat' dir='ltr'>dicendo</span> <span class='ocrx_word' id='word_1_93' title='bbox 1804 2995 1823 3023; x_wconf 87' lang='lat'>,</span> <span class='ocrx_word' id='word_1_94' title='bbox 1871 2967 1991 3011; x_wconf 87' lang='lat' dir='ltr'>nec</span> <span class='ocrx_word' id='word_1_95' title='bbox 2036 2968 2180 3033; x_wconf 84' lang='lat' dir='ltr'>per-</span> 
     </span>
     <span class='ocr_line' id='line_1_17' title="bbox 253 3049 2181 3149; baseline 0 -21"><span class='ocrx_word' id='word_1_96' title='bbox 253 3059 499 3129; x_wconf 82' lang='lat' dir='ltr'>censere</span> <span class='ocrx_word' id='word_1_97' title='bbox 548 3060 957 3128; x_wconf 84' lang='lat' dir='ltr'>numerando</span> <span class='ocrx_word' id='word_1_98' title='bbox 1004 3062 1137 3127; x_wconf 85' lang='lat' dir='ltr'>ullo</span> <span class='ocrx_word' id='word_1_99' title='bbox 1183 3059 1371 3149; x_wconf 49' lang='lat' dir='ltr'>pasto</span> <span class='ocrx_word' id='word_1_100' title='bbox 1418 3062 1691 3149; x_wconf 73' lang='lat' dir='ltr'>possum,</span> <span class='ocrx_word' id='word_1_101' title='bbox 1722 3062 1801 3127; x_wconf 84' lang='lat' dir='ltr'>ad</span> <span class='ocrx_word' id='word_1_102' title='bbox 1846 3049 2026 3128; x_wconf 83' lang='lat' dir='ltr'>hunc</span> <span class='ocrx_word' id='word_1_103' title='bbox 2072 3060 2181 3128; x_wconf 66' lang='lat' dir='ltr'>sal-</span> 
     </span>
     <span class='ocr_line' id='line_1_18' title="bbox 1416 3190 2091 3238; baseline 0 -1"><span class='ocrx_word' id='word_1_104' title='bbox 1416 3195 1452 3237; x_wconf 84' lang='lat' dir='ltr'>a</span> <span class='ocrx_word' id='word_1_105' title='bbox 1546 3202 1579 3238; x_wconf 79' lang='lat'>2.</span> <span class='ocrx_word' id='word_1_106' title='bbox 1956 3190 2091 3237; x_wconf 77' lang='lat' dir='ltr'>tem</span> 
     </span>
    </p>
   </div>
  </div>
 </body>
</html>
