2576 3607
610 214 1441 289 AWIMADVERSIO
1524 219 1786 278 XXXV.
2025 233 2098 294 63

404 392 1588 480 ANIMADVERSIO
1677 394 1996 463 XXXV.

291 544 391 596 Am
421 539 546 594 vero
580 537 691 593 cum
724 541 774 593 in
807 541 863 591 iis
901 553 1009 608 quae
1040 538 1103 592 de
1136 538 1346 592 Lacunis
1376 533 1531 588 Fossae
1562 533 1824 588 Muliebris
1862 553 1963 606 ego
2001 538 2048 591 in
2087 541 2193 607 pla.

328 618 463 668 rimis
502 612 822 666 cadaveribus
854 610 907 666 δέ
936 612 1218 683 priusquam
1251 608 1638 672 ederem‚vidi,
1658 608 1710 664 δε
1744 607 2006 679 postquam
2040 613 2192 676 edidi,

215 689 438 750 ostendi,
474 707 537 740 ne
569 686 656 740 Cl.
693 687 894 755 quidem
930 684 1381 738 Animadverfionis
1411 679 1604 735 Aufior
1638 683 1912 751 quidquam
1951 684 2193 735 invenerit

216 762 356 829 quod
391 760 565 830 aperte
598 756 966 829 reprehendar,
1005 758 1126 824 quid
1162 758 1364 810 tandem
1408 756 1553 825 super
1587 754 1862 808 Dostiffimi
1912 753 2191 808 Bartholini
2216 765 2430 850 D‘effssffroszae-

2185 831 2192 840 ⁸
2225 827 2270 850 ns
2320 829 2434 852 dYIJO*

212 834 447 889 Prostatis
481 828 714 885 adversus
752 848 834 881 me
874 828 1050 882 scribat
1081 866 1099 892 .,
1134 829 1421 881 videamuS.
1457 864 1491 890 „
1543 828 1642 880 Sed
1690 829 1824 895 quod
1873 827 1949 880 hae
1988 825 2190 898 Caspart
2215 867 2283 902 tim·

213 943 258 971 ,ᾖ
287 904 560 958 Bartholt‘ni
592 903 840 973 glandulae
875 940 892 966 ,
924 902 1005 956 vel
1039 905 1086 955 in
1119 900 1344 970 subjestis
1380 898 1469 953 illis
1514 898 1596 950 ubi
1629 899 1882 954 manifeste
1921 918 2196 973 apparent,
2297 894 2306 903 ’

212 1016 248 1044 a>
285 998 370 1033 aut
409 978 467 1032 ea
501 978 646 1029 molis
682 974 900 1028 vastitate
932 1013 949 1039 ‚
987 992 1071 1028 aut
1109 973 1287 1046 amplis
1332 972 1428 1025 illis
1462 970 1788 1026 vesicularum
1819 1011 1837 1037 ,
1874 974 1953 1027 seu
1995 974 2196 1027 cellula·
2280 938 2377 998 76·

212 1090 246 1117 >a
282 1071 393 1105 rum
439 1052 602 1119 spatiis
646 1049 842 1102 interne
881 1049 1130 1102 donentur
1164 1086 1180 1110 ,
1219 1046 1381 1115 qualia
1415 1045 1478 1097 ab
1515 1045 1751 1099 Authore
1790 1046 1906 1131 piar.
1948 1048 2198 1100 delinean-

213 1163 250 1213 ἲ,
289 1141 401 1188 tur,
436 1123 490 1180 δι
526 1122 902 1185 describuntur,
942 1123 993 1175 id
1025 1120 1125 1185 est,
1163 1123 1352 1190 inquit,
1387 1118 1520 1189 quod
1555 1120 1899 1190 repudiarem.
1936 1158 1972 1184 „
2010 1120 2107 1173 Sed
2142 1137 2198 1172 tu

210 1198 357 1260 vide,
398 1197 591 1265 quaes0‚
630 1198 726 1250 Vir
774 1194 1159 1249 Praestantiffime
1193 1231 1210 1257 a
1244 1194 1625 1262 descriptionem
1675 1211 1843 1245 meam
1877 1209 2023 1259 quam
2069 1195 2199 1245 inter
2299 1250 2347 1287 50

212 1271 581 1324 Adnotationes
615 1269 821 1323 Graafio
871 1270 1063 1324 additas
1100 1265 1329 1337 posuisti.
1381 1267 1569 1319 Nonne
1600 1265 1701 1335 ipse
1742 1265 1919 1318 diserte
1955 1267 2103 1328 dic0‚
2142 1284 2201 1317 ea

214 1343 465 1415 aliquoties
497 1362 582 1396 me
615 1343 827 1397 vidisse?
879 1344 1071 1395 Nonne
1101 1339 1200 1412 ipse
1234 1358 1368 1409 nego
1396 1376 1413 1402 ,
1453 1356 1539 1389 me
1585 1357 1666 1390 eas
1702 1336 1933 1407 vesiculas
1977 1340 2025 1391 in
2060 1340 2201 1389 omni

216 1419 460 1473 cadavere
496 1419 782 1486 comperire
824 1417 1082 1483 potuisse?
1121 1416 1310 1466 Nonne
1340 1417 1403 1465 ita
1443 1410 1702 1475 describo‚
1734 1428 1790 1463 ut
1824 1430 1999 1463 omnes
2027 1410 2199 1463 intelli-

220 1508 373 1559 gant„
414 1509 514 1542 non
546 1508 654 1540 rem
690 1505 985 1558 perpetuam
1021 1527 1038 1551 ,
1075 1487 1157 1540 sed
1191 1505 1299 1538 rem
1332 1485 1594 1551 aliquoties
1626 1482 1817 1536 tantum
1863 1485 1890 1536 a
1922 1502 2006 1534 me
2038 1482 2200 1534 obser-

211 1580 375 1614 vatam
411 1561 658 1613 describi?
698 1563 820 1614 Non
856 1564 987 1612 enim
1013 1559 1169 1629 sunt,
1207 1559 1351 1623 dico3
1391 1557 1470 1607 sed
1506 1570 1644 1606 erant
1682 1553 1780 1614 &a
1819 1558 1869 1607 Si
1905 1573 2029 1623 ergo
2066 1569 2198 1626 repu-

214 1633 325 1684 diat
365 1634 498 1701 quafi
532 1651 585 1685 ut
622 1649 868 1701 perpetua
907 1633 1287 1702 proposuerim,
1323 1629 1476 1699 longe
1507 1628 1723 1681 fallitur.
1776 1631 1827 1681 Si
1864 1644 2032 1679 autem
2064 1642 2197 1698 repu-

219 1704 328 1757 diat
358 1704 493 1773 quasi
522 1724 586 1756 ne
618 1705 764 1755 semel
799 1706 1002 1772 quidem
1040 1704 1149 1756 haec
1181 1704 1279 1772 ipse
1314 1702 1495 1753 viderit
1526 1737 1544 1763 ‚
1582 1702 1737 1770 magis
1789 1699 2002 1752 fallitur.
2055 1698 2200 1753 Nihil

217 1782 351 1831 enim
390 1779 503 1830 inde
539 1777 668 1830 aliud
711 1777 1027 1845 consequitur
1056 1814 1075 1840 .,
1113 1774 1204 1829 nifi
1236 1789 1321 1827 aut
1350 1774 1401 1826 id
1441 1773 1579 1842 quod
1610 1771 1755 1824 facile
1799 1776 1846 1824 in
1876 1791 1933 1824 re
1964 1775 2200 1825 anatomi-

218 1871 272 1905 ca
311 1850 412 1916 est,
450 1854 499 1903 in
532 1854 724 1920 aptiora
757 1850 819 1902 ad
854 1867 965 1902 eam
997 1846 1406 1922 perquisitionem
1439 1845 1682 1899 cadavera
1714 1863 1798 1897 me
1830 1844 2081 1907 incidisse,
2118 1861 2201 1896 aut

211 1925 262 1977 id
303 1925 439 1994 quod
470 1923 632 1975 multo
684 1922 876 1975 facilius
914 1921 982 1975 est
1011 1961 1028 1987 ‚
1067 1941 1150 1975 me
1183 1921 1264 1974 vel
1311 1920 1453 1991 plura
1492 1918 1762 1982 cadavera,
1800 1917 1878 1970 vel
1924 1918 2079 1988 paulo
2117 1917 2196 1969 sal-

215 2013 320 2049 tem
354 1994 630 2050 accuratius
669 1997 944 2049 dissecuisse
970 2035 982 2047 .
1021 1996 1184 2063 Cujus
1218 1997 1293 2046 rei
1324 1992 1405 2046 vel
1438 1992 1561 2046 illud
1590 1992 1776 2044 indicio
1822 1988 1893 2043 est
1929 1991 2067 2058 quod
2100 1989 2202 2058 ipse

212 2070 397 2140 pietarn
435 2071 464 2120 a
510 2088 593 2121 me
632 2070 894 2122 Glanduiae
947 2068 1342 2138 magnitudinem
1390 2084 1496 2116 eam
1532 2064 1674 2115 molis
1710 2062 1994 2131 vastitatem
2033 2061 2203 2133 appel-

212 2143 284 2194 lat
323 2182 335 2194 .
388 2141 576 2210 Qd?
615 2139 652 2191 fi
697 2140 880 2204 cerasi,
917 2158 974 2193 ut
1011 2140 1163 2193 semel
1202 2140 1438 2206 utrinque
1475 2138 1610 2200 vidi,
1654 2137 2000 2206 magnitudine
2029 2136 2201 2204 pinxis-

211 2215 357 2269 sem?
415 2216 485 2265 At
514 2213 789 2281 quantuIO,
826 2215 1016 2280 inquiet
1050 2250 1067 2276 ‚
1101 2214 1351 2263 minorem
1400 2207 1631 2279 pinxisti?
1669 2211 1794 2264 Non
1834 2209 1969 2260 enim
2002 2208 2200 2259 videtur

214 2288 267 2340 id
300 2287 438 2355 quod
469 2289 518 2338 in
547 2286 900 2355 Explicatione
936 2288 1082 2337 etiam
1115 2285 1385 2336 indicatum
1428 2280 1526 2345 est,
1564 2282 1826 2334 attendisse
1848 2318 1865 2343 ,
1907 2278 2090 2348 pisiam
2127 2281 2196 2330 vi-

214 2359 398 2412 delicet
431 2359 533 2410 esse
581 2375 687 2408 cum
733 2355 922 2423 inclusts
959 2356 1176 2424 vess'culis
1218 2354 1499 2426 adapertis,
1533 2370 1683 2423 atque
1729 2353 1846 2406 ideo
1884 2352 1936 2407 δε
1972 2351 2061 2404 has
2088 2387 2106 2413 ‚
2144 2349 2198 2405 &

211 2432 364 2502 ipsam
394 2431 684 2500 glandulam
722 2430 789 2484 sic
825 2429 1099 2483 necessario
1130 2427 1356 2483 didustas
1383 2444 1532 2496 atque
1564 2423 2011 2497 expansas‚multo
2049 2440 2199 2493 appa-

212 2522 328 2557 rere
358 2504 604 2573 majores3
643 2520 930 2574 quanquam
962 2522 1020 2556 ea
1052 2507 1180 2557 inter
1212 2503 1438 2572 optimos
1476 2501 1700 2569 quosque
1732 2500 2057 2552 Anatomicos
2096 2514 2198 2548 non

214 2576 316 2630 fine
351 2581 572 2641 ratione,
610 2576 663 2633 &
699 2578 989 2630 discentium
1037 2575 1252 2630 utilitate
1295 2573 1605 2626 consuetudo
1641 2587 1848 2642 recepta
1879 2567 1977 2633 est,
2015 2584 2073 2621 ut
2111 2570 2198 2620 mi-

219 2666 375 2702 nores
405 2650 675 2720 praesertim
724 2650 978 2721 particulae
1007 2668 1072 2702 ex
1117 2651 1172 2700 iis
1209 2646 1439 2717 subjestis
1490 2649 1538 2699 in
1572 2643 1750 2712 quibus
1787 2641 1941 2713 paulo
1978 2641 2197 2710 majores

215 2736 522 2783 occurrunt,
559 2722 903 2776 delineentur:
945 2723 1087 2791 cujus
1136 2723 1210 2773 rei
1260 2719 1494 2789 exempla
1543 2716 1654 2770 cum
1687 2717 1857 2787 pasfim
1892 2714 1969 2766 vel
2018 2716 2067 2764 in
2105 2728 2195 2763 tuo

214 2792 450 2844 Theatro
481 2791 629 2843 obvia
678 2792 801 2855 sint,
843 2813 944 2845 non
990 2792 1060 2845 est
1095 2791 1205 2844 sane
1253 2811 1342 2844 cur
1390 2791 1533 2844 anxie
1565 2791 1844 2840 recenseam
1874 2823 1890 2848 ,
1925 2784 2196 2853 praesertim

225 2863 433 2931 quando
482 2864 544 2917 ad
580 2861 813 2932 lepidiora
853 2865 1081 2932 quaedam
1128 2879 1288 2915 vocor
1319 2900 1332 2912 .
1383 2863 1519 2914 Vide
1566 2861 1699 2912 enim
1739 2873 1849 2926 quae
1900 2855 2196 2925 consequan-

225 2949 311 2989 tur
327 2972 342 2990 0

1957 3291 2126 3345 ANI-
