2501 3602
119 308 253 376 338.

72 817 195 860 Anat.
209 819 298 856 Me-

71 865 289 921 dullspin.

72 920 156 967 Fig.
174 932 232 959 10.
259 923 296 958 &

76 981 92 1006 1
103 981 134 1006 ι.

125 2068 263 2122 342·

154 2464 219 2501 ³95

424 215 501 251 20
714 188 1382 264 ADVERSARIA
1451 189 1761 248 AWAT.
1823 191 1939 251 VJ.

319 313 418 368 que
447 301 696 368 integram
729 296 953 362 ostendi,
994 298 1195 367 quando
1234 296 1363 349 illius
1399 292 1570 362 divgsto
1602 297 1892 348 intermedia
1928 313 2013 369 per
2046 295 2305 368 longitudi-

318 388 428 425 nem
442 371 588 442 faesia
626 371 727 423 esse
759 372 971 424 dicitur:
1013 374 1099 440 qui
1144 371 1343 439 quidem
1379 385 1523 419 error
1552 366 1700 437 ipsius
1731 370 1895 422 Bidloi
1930 371 2029 438 est3
2066 374 2113 424 in
2144 390 2195 440 4.
2228 391 2308 424 au-

320 462 424 498 tem
456 445 806 517 Explicatione
838 445 900 496 ad
933 444 1153 497 litteram
1184 444 1222 494 F
1255 439 1388 492 haud
1422 438 1559 494 reste*
1593 441 1794 493 indicari
1823 444 2049 494 Medullae
2086 445 2300 515 Spinalis

318 514 574 588 Fiffuras,
614 517 728 570 cum
756 518 965 572 Bidlous
996 515 1265 583 scripserit:
1303 509 1500 582 fissurae
1536 523 1593 565 F.
1636 510 1696 571 &
1732 512 1957 582 Vasbrum
1995 524 2033 565 G
2061 516 2302 587 vestigia,

319 594 382 644 ad
414 591 710 645 alterutram
739 590 921 643 scilicet
949 587 1188 639 Fissuram
1222 587 1483 657 respiciens
1516 606 1577 639 ex
1628 589 1687 638 iis
1720 587 1913 639 duabus
1957 604 2074 657 quas
2109 609 2209 660 ego
2242 592 2309 643 su-

319 683 411 733 pra
444 664 838 718 commemoravi
876 699 888 711 .
938 661 1004 711 Et
1043 660 1107 712 de
1141 657 1239 712 isti-s
1278 661 1482 729 quidem
1520 662 1718 731 Figuris
1753 663 1824 713 ita
1861 679 1970 714 rem
2010 661 2055 712 se
2093 660 2307 727 habere,

320 736 511 792 facilius
540 754 715 790 omnes
749 732 1058 801 intelligent,
1103 736 1186 803 qui
1214 752 1414 786 mecum
1447 734 1889 787 animadverterint
1908 773 1925 797 ,
1964 734 2156 786 easdem
2187 737 2301 788 Bid-

323 811 461 865 lousn
491 828 553 861 ex
581 807 797 858 totidem
827 804 971 858 Blasii
1002 808 1195 876 Figuris
1232 808 1575 875 quadantenus
1606 805 1907 879 descripsisse
1941 845 1957 870 ,
1997 806 2049 863 ὃς
2085 805 2161 858 hae
2194 824 2306 876 qua-

321 884 393 935 les
431 881 563 943 sint,
601 878 653 934 Sc
698 879 962 947 quomodo
1000 880 1290 946 explicatae,
1327 884 1686 950 cognoverint.
1809 881 1981 934 Essent
2034 880 2160 942 alia,
2197 896 2308 948 quae

319 959 369 1007 in
403 952 615 1005 Tabulis
659 953 905 1007 XCIX.
947 950 999 1006 δε
1040 954 1104 1005 C.
1143 955 1308 1006 notari
1342 954 1572 1022 possent,
1610 954 1662 1009 δε
1692 956 1739 1007 in
1777 953 1869 1007 hac
1907 955 2212 1024 praesertim,
2250 970 2311 1005 ut

317 1044 428 1096 quae
457 1029 693 1097 Figuram
735 1046 781 1077 2.
812 1024 955 1078 nobis
984 1024 1188 1078 exhibet
1225 1028 1378 1095 usque
1412 1025 1540 1079 adeo
1572 1028 1842 1100 Ridleyani
1882 1027 2145 1097 archetypi
2186 1027 2309 1079 dissi·

316 1099 523 1162 milem,
561 1117 616 1151 ut
645 1101 788 1150 Sinus
824 1097 1078 1151 Laterales
1119 1099 1268 1160 CC,
1301 1101 1518 1167 Opticos
1549 1103 1750 1154 Nervos
1778 1116 1884 1172 pp,
1917 1099 2185 1153 Carotides
2219 1102 2311 1152 Ar-

316 1175 464 1226 terias
498 1190 602 1245 qq,
639 1171 832 1241 aliaque
861 1170 1167 1237 ejuscemodi
1199 1174 1310 1234 vix,
1352 1189 1411 1223 ac
1446 1191 1510 1225 ne
1542 1176 1626 1225 vix
1677 1178 1883 1242 quidem
1923 1173 2305 1244 dignoscamus·²

539 1316 1747 1387 ANIMADVERSIO
1849 1319 2099 1384 XVII.

413 1461 489 1514 Ed
535 1460 730 1530 praestat
761 1461 893 1514 hisce
942 1461 1121 1516 omiffis
1160 1463 1221 1516 ad
1259 1463 1507 1531 proximat
1542 1462 1752 1516 Tabulae
1802 1477 1946 1514 extra
1983 1462 2206 1515 ordinem
2244 1463 2309 1515 V.

451 1535 684 1603 Figuram
721 1553 767 1586 1.
798 1552 1106 1605 properare.
1144 1535 1244 1589 Vel
1280 1539 1415 1588 enirn
1450 1538 1566 1606 quia
1606 1536 1716 1609 post
1746 1541 1965 1607 quinque
2007 1537 2058 1592 ἅτ
2096 1539 2320 1605 triginta-

316 1609 527 1675 Figuras
569 1608 630 1659 ad
668 1608 958 1661 Cerebrum
996 1613 1308 1679 pertinentes
1335 1647 1353 1673 ,
1391 1607 1521 1663 hanc
1560 1613 1650 1664 tibi
1690 1628 1828 1663 extra
1867 1611 2097 1664 ordinem
2137 1610 2319 1662 addent

320 1679 440 1732 dam
470 1678 718 1744 censuisti,
744 1682 830 1733 vel
865 1684 982 1750 quia
1013 1681 1159 1751 hujus
1194 1686 1338 1735 unius
1373 1684 1656 1753 Explicatio
1690 1684 1979 1753 prolixitate
2010 1682 2118 1736 fere
2155 1699 2316 1734 certas

320 1770 439 1804 curn
466 1753 668 1805 illarum
705 1753 944 1807 universis
979 1754 1408 1825 Explicationibus
1438 1794 1456 1818 ,
1494 1757 1641 1810 decet
1678 1756 1950 1828 profesto,
1987 1774 2042 1808 ut
2081 1773 2189 1808 eam
2228 1773 2315 1805 no-

320 1840 528 1893 quoque
571 1824 835 1888 libentius,
873 1826 1259 1895 diligentiusque
1292 1829 1634 1894 inspiciamus.
1676 1830 1890 1879 Accedit
1925 1830 2175 1879 Tironum
2215 1828 2318 1890 utig

319 1897 463 1958 litas,
515 1913 644 1963 quos
673 1899 912 1947 nimirum
945 1901 1238 1966 permoveri
1274 1913 1424 1965 atque
1461 1899 1589 1950 allici
1622 1897 1766 1966 poffe
1802 1900 1952 1950 video
1991 1916 2101 1951 tum
2134 1897 2193 1950 ab
2232 1897 2309 1950 his

324 1984 431 2035 quae
463 1966 622 2019 modo
658 1971 947 2037 attigimuS,
987 1985 1098 2020 tum
1136 1968 1162 2019 a
1200 1969 1413 2038 praefixa*
1442 1969 1468 2021 a
1507 1987 1591 2032 te,
1628 1973 1725 2023 Vir
1760 1970 2084 2033 Doffliffime,
2121 1970 2191 2021 isti
2231 1973 2318 2023 uni

322 2043 518 2110 Figurae
549 2038 783 2107 singulari
817 2042 1169 2108 inscriptione:
1210 2042 1360 2108 ipsam
1394 2041 1626 2093 videlicet
1659 2078 1693 2103 „
1731 2045 1779 2094 in
1814 2041 1975 2104 nova,
2013 2041 2174 2110 eaque
2203 2042 2316 2096 sane?

320 2150 358 2177 „
396 2108 808 2170 elaboratiffima,
845 2109 981 2163 Basis
1020 2111 1271 2174 Cerebri,
1304 2112 1386 2164 seu
1426 2111 1595 2181 potitis
1630 2115 1802 2167 Cranii
1840 2114 2172 2183 descriptione
2205 2134 2315 2168 ver-

321 2223 355 2249 „
392 2186 510 2247 sari,
546 2220 581 2248 „
619 2200 728 2235 tum
772 2182 990 2252 denique
1038 2182 1101 2235 ab
1134 2186 1191 2236 iis
1229 2201 1339 2253 quae
1382 2184 1578 2239 Austor
1621 2188 1723 2257 ipse
1755 2187 1838 2240 Cl.
1878 2188 2066 2258 pluries
2103 2191 2152 2242 in
2190 2188 2319 2243 hanc

319 2257 427 2310 fere
458 2259 750 2309 sententiam
783 2260 1083 2326 prcemonuit
1109 2297 1120 2309 .
1157 2259 1295 2311 Nam
1325 2261 1527 2311 memini
1545 2258 1766 2331 primum
1800 2262 2045 2328 quandam
2086 2262 2191 2331 ejus
2198 2278 2318 2334 prae-

321 2330 606 2382 liminarem
642 2330 1057 2393 Exercitatimem
1086 2331 1260 2400 legisse
1288 2368 1304 2391 ,
1346 2333 1396 2382 in
1435 2348 1532 2400 qua
1563 2331 1774 2402 plurima
1828 2331 1899 2382 ad
1932 2330 2074 2399 bafim
2114 2332 2313 2385 Cerebri

322 2403 509 2455 detecta
541 2401 873 2471 pollicebatur
895 2426 907 2469 5
928 2403 1110 2454 deinde
1143 2406 1192 2454 in
1226 2401 1526 2455 tuiTheatri
1558 2404 1714 2456 Libro
1748 2406 1783 2456 Ι.
1806 2406 2126 2458 animadverti
2157 2407 2316 2473 ipsum

324 2477 389 2528 de
417 2514 451 2539 „
487 2473 632 2528 Sitifis
670 2474 815 2527 Sellae
870 2477 1107 2537 turcicae,
1148 2475 1465 2542 aliorumque
1528 2475 1924 2545 compositione,
1965 2477 2317 2541 concursibus,

323 2587 358 2613 „
396 2549 448 2603 δε
478 2545 604 2610 usu,
661 2547 831 2603 exausta
879 2564 992 2597 cum
1033 2546 1258 2599 iconibus
1294 2548 1340 2598 se
1378 2548 1615 2600 daturum
1649 2586 1683 2611 „
1723 2553 2144 2620 promittentem3
2183 2570 2314 2604 nunc

323 2623 544 2689 denique
583 2623 635 2672 in
679 2619 765 2672 ista
801 2618 862 2668 de
898 2616 1093 2669 Sinibus
1130 2617 1253 2688 Basis
1290 2616 1487 2670 Cerebri
1518 2654 1536 2668 ..
1575 2620 1985 2689 Demonstrat-ione
2023 2626 2317 2696 aggredien-

325 2710 434 2746 tem
464 2693 616 2746 video
650 2696 782 2744 circa
811 2729 846 2754 „
881 2692 1058 2745 Partes
1093 2693 1324 2761 quasdam
1362 2693 1425 2745 ad
1459 2694 1677 2746 Cerebri
1716 2694 1867 2748 balim
1900 2697 2120 2762 locataS,
2160 2696 2317 2750 visibi-

324 2803 360 2830 „
395 2768 469 2820 les
505 2767 612 2819 satis
644 2804 661 2830 ,
695 2765 748 2821 &
786 2765 933 2816 cultri
966 2764 1427 2835 investigationibus
1462 2765 1753 2830 facillimas,
1792 2771 2132 2840 praeterquam
2173 2769 2312 2840 quo‘d

324 2878 361 2905 „
399 2839 460 2892 ab
497 2841 739 2908 antiquis,
775 2838 802 2890 a
841 2838 1094 2891 modernis
1158 2841 1309 2890 etiam
1346 2838 1755 2910 descriptionibus
1789 2842 2011 2897 distortas
2046 2846 2071 2896 a
2101 2835 2316 2899 verif'ate

325 2950 360 2977 „
397 2912 509 2977 sua,
547 2929 632 2964 aut
662 2909 868 2964 nimium
909 2910 1251 2976 obnubilatas,
1283 2930 1379 2964 nec
1415 2911 1667 2983 hucusque
1707 2915 1770 2967 ad
1805 2915 2085 2986 legitimam
2122 2916 2311 2970 habitu-

327 3023 361 3048 „
397 2988 523 3039 dinis
570 2986 664 3037 suae
721 2985 1105 3052 descriptionem
1146 2985 1432 3040 conciliatas
1471 3010 1484 3054 3
1522 2988 1775 3057 praecipue
1819 3005 1929 3057 quae
1979 2995 2109 3045 circa
2147 2991 2310 3043 sellam

328 3095 361 3120 „
397 3060 698 3119 Turcicam,
744 3055 797 3111 &
833 3057 1125 3127 glandulam
1157 3061 1461 3128 pituitariam
1498 3057 1768 3112 distributae
1804 3063 1921 3115 sunt
1954 3087 1965 3133 5
2005 3065 2091 3117 ubi
2128 3063 2307 3116 scilicet

329 3165 364 3191 „
401 3149 464 3182 ex
496 3129 711 3185 Cerebri
750 3129 1151 3200 Descriptoribus
1184 3134 1445 3202 praecipuis
1475 3131 1709 3200 Willgfius
1744 3135 2069 3191 sufficientem
2102 3133 2307 3189 elucida-

330 3236 366 3262 „
402 3204 598 3257 tionem
628 3223 731 3258 non
764 3202 1004 3277 praebuit:
1040 3203 1268 3274 Ridleyus
1306 3208 1478 3279 Sinum
1508 3206 1802 3281 circularem
1846 3212 2126 3283 quendam,
2162 3208 2310 3259 varia-

2077 3319 2112 3347 „
2148 3297 2245 3351 qUC
