2576 3607
639 203 1458 281 AWJMADVERSJO
1522 211 1700 269 XVI.
1998 240 2067 287 2³

198 321 303 378 're'sss
345 315 443 370 Sed
482 330 534 366 ut
566 315 612 365 in
649 331 707 365 ea
754 313 1009 366 scribenda
1056 313 1152 368 hoc
1187 314 1278 367 tibi
1324 332 1612 388 proponere
1646 336 1747 370 non
1786 320 2057 392 potueraS,
2095 329 2164 382 ita

198 393 400 451 accidit,
439 405 495 440 ut
531 389 753 454 quamvis
782 391 1097 457 Scriptorum
1132 405 1346 457 quatuor
1382 389 1491 443 loca
1532 391 1795 460 protuleris
1844 397 1902 446 ad
1938 418 2052 452 eum
2089 420 2161 454 tu-

197 464 366 519 bulum
397 461 724 531 pertinentia,
766 480 828 513 ex
861 459 995 513 nullo
1028 477 1194 513 tamen
1229 479 1403 513 eorum
1451 462 1728 533 intelligere
1758 465 1942 518 Lector
1975 487 2159 539 queat,

193 541 243 590 in
273 551 423 604 quam
457 535 668 585 Arteriae
697 535 895 603 Magnae
926 551 1125 602 partem
1157 552 1305 587 cruor
1334 552 1426 605 per
1457 554 1574 587 eum
1607 536 1840 589 tubulum
1891 538 2158 598 inferatur.

196 609 442 676 Qiinimo
474 608 580 675 quis
617 605 871 674 conjiciat,
909 605 1076 657 inferri
1107 610 1160 660 in
1191 625 1299 660 eam
1332 625 1562 675 partem,
1598 612 1647 662 in
1678 627 1772 678 qua
1808 610 1889 662 illa
1919 616 2067 664 ramis
2099 619 2161 670 ad

195 682 447 750 superiora
478 677 704 730 omnibus
742 678 839 746 jam
871 678 1251 749 emiffiS,porr6
1284 683 1453 751 incipit
1485 677 1933 752 descendere(qua
1964 686 2163 754 quidem

194 770 255 805 ex
290 771 346 803 re
380 752 633 822 ingeniose
665 751 892 818 quaedam
926 750 952 801 a
982 755 1183 819 nuperis
1213 755 1518 806 Anatomicis
1556 755 1762 809 deduPta
1807 758 1942 819 esse,
1973 758 2161 828 video)

197 828 338 888 quis,
377 829 607 894 inquam,
643 825 692 874 id
733 823 986 888 conjiciat,
1027 821 1136 873 cum
1171 841 1350 876 eorum
1383 825 1590 894 aliquis,
1611 844 1828 896 quorum
1861 829 2014 881 verba
2046 849 2162 901 pro-

197 896 331 960 fers,
369 916 485 950 eum
523 895 788 957 canalem„
827 895 1041 956 ducere,
1064 895 1186 964 ajat,
1206 894 1265 946 ab
1297 900 1475 948 arteria
1507 900 1755 966 pulmonis
1785 903 1978 954 oriente
2009 907 2057 955 in
2090 922 2163 955 ar-

197 1005 232 1033 „
276 973 447 1023 teriam
481 971 728 1021 orientem
745 984 932 1019 aortam
952 969 1021 1028 ἓ),
1040 969 1141 1019 Hic
1175 984 1342 1021 tamen
1374 970 1483 1021 satis
1501 970 1716 1023 instituto
1737 972 1852 1024 fecit
1882 976 2162 1044 suo,quod

196 1043 308 1095 sane
327 1040 454 1094 haud
488 1056 596 1092 erat
634 1056 749 1090 eum
783 1039 1108 1091 canaliculum
1141 1041 1444 1094 describendi
1479 1082 1490 1095 .
1530 1044 1629 1095 Sed
1663 1043 1714 1098 ἃ
1744 1045 2162 1101 CLMunnickius

190 1131 285 1183 pro
326 1132 382 1164 ea
401 1130 566 1183 quam?
589 1110 676 1162 fibi
709 1112 1582 1185 proposuerat,brevitate,egregie
1612 1114 1696 1168 ista
1724 1117 2063 1188 scripsit,quae
2099 1141 2162 1173 ex

188 1204 252 1237 eo
287 1187 544 1256 producis3
565 1183 907 1253 „Utramque
938 1184 1067 1238 hanc
1098 1187 1497 1250 viam,foramen
1528 1206 1646 1259 puta
1674 1190 1814 1242 ovale
1846 1191 1896 1245 δέ
1923 1194 2161 1245 canalicu-

182 1294 218 1321 „
257 1258 360 1310 lum
400 1258 723 1320 arteriosum,
764 1275 906 1310 aetate
939 1260 1246 1326 procedente
1277 1278 1449 1312 natura
1498 1261 1729 1329 paulatim
1770 1261 2037 1326 obliterat,
2078 1283 2161 1316 ne-

179 1368 222 1394 „
260 1347 355 1398 que
386 1334 433 1384 in
468 1332 644 1383 adultis
677 1331 889 1392 reserat,
921 1329 1008 1381 nisi
1040 1329 1150 1382 cum
1183 1351 1361 1401 graves
1395 1335 1544 1384 causae
1580 1337 1678 1385 vias
1713 1335 1966 1387 consuetas
2006 1339 2159 1408 impe-

184 1440 218 1467 „
258 1404 518 1457 diverunt:
557 1406 619 1456 Et
664 1405 868 1471 quidem
915 1401 1141 1455 foramen
1188 1406 1330 1457 ovale
1373 1407 1617 1458 clauditur
1669 1423 1771 1459 non
1820 1408 1909 1459 alifi
1947 1409 2157 1461 materia

184 1512 216 1538 „
258 1478 403 1543 quam
440 1477 522 1528 sua
569 1474 719 1544 ipsius
763 1475 986 1544 valvula·²
1028 1475 1093 1528 sic
1124 1494 1182 1528 ut
1226 1479 1420 1530 valvula
1475 1480 1668 1547 semper
1716 1497 1912 1531 maneat
1947 1480 2156 1533 valvulae

183 1584 218 1611 „
258 1566 502 1618 corpore,
541 1548 741 1599 valvulae
776 1551 1045 1612 tenuitate,
1083 1548 1134 1603 δε
1180 1550 1384 1602 valvulae
1428 1552 1806 1621 perspicuitate.
1854 1590 1888 1615 „
1928 1554 2052 1605 Haec
2090 1569 2155 1603 ta-

182 1639 296 1672 men
319 1659 334 1683 ,
374 1639 426 1672 ut
456 1625 506 1672 in
542 1638 631 1672 tuo
662 1619 750 1673 isto
797 1620 1087 1691 ampliffimo
1131 1622 1394 1685 Theatro,
1432 1623 1654 1676 illustrari
1699 1623 1834 1675 certe
1866 1629 2023 1696 magis
2061 1643 2148 1692 po-

179 1709 368 1755 terant,
415 1691 628 1762 primum
661 1711 722 1743 ex
754 1694 995 1763 Cowperi
1032 1693 1481 1759 observationibus,
1521 1700 1686 1762 quiex
1717 1696 1957 1749 infantum
1989 1697 2153 1750 seffio-
2206 1715 2397 1765 Append.

184 1783 250 1817 ne
289 1766 588 1834 comperisse
628 1764 708 1826 se,
750 1765 930 1827 docet,
969 1764 1003 1815 fi
1039 1764 1135 1817 istae
1163 1770 1283 1829 viae,
1322 1766 1372 1822 &
1418 1769 1678 1837 presertim
1722 1767 1949 1821 foramen
1981 1770 2153 1832 ovale,
2179 1768 2304 1805 Anat.

185 1840 326 1906 ‘quod
369 1838 603 1892 videlicet
649 1836 834 1889 tardius
877 1838 1077 1890 occludi
1107 1838 1261 1902 solet,
1302 1857 1445 1908 aequo
1495 1837 1636 1892 citius
1669 1841 1988 1904 claudantur,
2028 1843 2153 1909 saepe

183 1911 341 1963 multa
374 1912 497 1964 mala
536 1908 651 1980 ipsis
697 1909 897 1973 inferri,
937 1928 992 1963 ut
1037 1915 1239 1982 capitis,
1277 1912 1426 1975 colli,
1466 1913 1763 1983 pulmonum
1807 1910 2153 1966 inflammatio-

180 2001 265 2033 nes
290 2020 306 2044 ,
349 1987 396 2035 in
430 1984 606 2052 quibus
639 2000 912 2053 propterea
942 1983 1185 2053 sanguinis
1216 1989 1611 2038 imminutionem
1630 1987 1978 2053 commendat3
2021 1989 2151 2039 dein-

180 2054 243 2105 de
275 2058 423 2106 etiam
458 2074 520 2106 ex
552 2058 761 2121 iis,quae
791 2060 837 2106 in
870 2056 1154 2107 adultorum
1199 2058 1516 2108 cadaveribus
1549 2058 1783 2109 facillime
1803 2058 2028 2109 adnotari
2046 2060 2152 2128 pos-

177 2126 284 2178 sunt
305 2167 315 2178 .
357 2130 469 2182 Nos
503 2129 634 2179 enim
669 2128 815 2192 quam
848 2127 1094 2193 saepiffime
1125 2129 1363 2189 vidimus,
1404 2147 1514 2180 eam
1547 2129 1772 2181 Valvulae
1805 2145 2001 2196 partem
2039 2147 2150 2198 quae
2202 2144 2255 2174 De
2293 2144 2399 2199 Qumis·

176 2198 302 2249 ultra
326 2200 495 2252 Ovalis
530 2200 804 2251 foraminis
838 2202 1172 2260 anteriorem,
1210 2199 1595 2269 inferioremque
1628 2203 1911 2268 marginem
1950 2206 1995 2254 in
2033 2204 2147 2254 Foe-
2175 2193 2380 2284 ξζῇἶῗῦ

173 2285 227 2320 tu
261 2270 630 2323 extendebatur
656 2308 672 2331 ,
713 2273 760 2321 in
791 2271 1016 2322 senilibus
1060 2276 1211 2323 etiam
1259 2273 1555 2340 corporibus
1593 2292 1691 2325 non
1730 2272 1888 2324 mod&
1922 2275 2144 2327 nondum
2173 2254 2368 2336 Vargula,

170 2345 350 2411 parieti
387 2344 688 2413 pulmonaris
716 2361 853 2395 venae
902 2343 1171 2412 coaluilte,
1210 2345 1289 2395 sed
1335 2343 1477 2396 instar
1531 2346 1779 2407 duorum,
1815 2345 1890 2397 vel
1924 2346 2143 2415 plurium
2174 2343 2385 2398 quinarias-

134 2421 137 2423 ’
173 2417 517 2483 inaequalium,
555 2415 666 2477 vel,
700 2417 835 2484 quod
866 2414 1207 2484 frequentius,
1246 2419 1388 2468 unius
1438 2415 1634 2487 insignis
1673 2417 1865 2469 Sacculi
1899 2415 1918 2481 (
1953 2436 2071 2479 aut,
2110 2416 2146 2468 fi
2174 2403 2244 2428 m.

172 2491 354 2550 mavis,
395 2489 599 2541 valvulae
634 2487 885 2557 figmoidis
916 2526 934 2550 ,
970 2490 1051 2540 sed
1092 2487 1416 2558 angustioris,
1455 2508 1536 2541 aut
1575 2491 1823 2559 denique,
1861 2507 1915 2541 ut
1949 2489 2140 2541 Verhe-
2170 2511 2249 2551 1„-
2280 2521 2329 2550 tr.
2351 2525 2382 2559 ς,

177 2563 348 2628 yenius
395 2561 619 2629 loquitur
646 2576 685 2622 ,‘
719 2560 913 2632 infignis
957 2559 1084 2613 sinus
1114 2564 1135 2628 )
1184 2562 1322 2629 cujus
1373 2563 1618 2614 orificium
1659 2563 1886 2615 deorsum
1915 2566 2139 2614 nonnunss
2173 2575 2291 2601 0-20·

174 2646 354 2697 quam,
384 2631 548 2702 saepius
585 2635 859 2686 antrorsum
890 2633 1173 2703 spectabat,
1205 2653 1312 2685 tum
1334 2635 1558 2687 craffiora
1588 2635 1819 2706 specilla,
1857 2653 1964 2687 tum
1983 2636 2136 2703 ipsum

173 2717 452 2753 extremum
483 2704 695 2770 scalpelli
728 2706 1088 2756 manubriolum
1120 2708 1341 2768 interse,
1381 2708 1579 2775 ejusque
1611 2726 1748 2758 venae
1782 2711 2019 2776 parietem
2038 2723 2139 2755 tam

170 2772 269 2824 alte)
295 2773 567 2834 admisisse,
605 2791 657 2823 ut
696 2776 832 2840 quod
852 2775 1201 2842 Verheyenius
1241 2781 1289 2827 in
1317 2779 1480 2828 vitulis
1512 2815 1545 2838 „
1583 2778 1763 2827 diversa
1796 2779 2041 2844 temporis
2073 2777 2141 2825 di-
2193 2790 2374 2829 Contro-

168 2881 200 2910 „
238 2844 404 2898 stantia
437 2845 545 2915 post
578 2848 881 2896 nativitatem
913 2846 1134 2897 mactatis
1164 2884 1197 2909 „
1237 2848 1512 2915 perspexit,
1555 2846 1820 2898 Valvulam
1872 2846 2137 2910 videlicet,
2163 2841 2279 2931 {deff-r
2300 2853 2392 2879 cum

168 2955 204 2982 „
241 2919 359 2970 dum
390 2919 416 2970 ἒι
446 2936 588 2988 parte
635 2917 900 2985 pulmones
934 2919 1227 2987 respiciente
1275 2922 1450 2987 parieti
1486 2937 1624 2970 venae
1661 2919 1958 2987 pulmonalis
1993 2920 2137 2970 adna-
2210 2903 2229 2931 e
2255 2905 2269 2940 ³
2300 2904 2388 2938 ‘²4'

168 3027 201 3053 „
241 2992 401 3053 scitur,
451 2990 616 3042 adhuc
646 2992 862 3043 crescere
897 2990 948 3045 ἃ
983 2989 1179 3042 extendi
1210 2989 1293 3042 ubi
1348 3009 1435 3042 cor
1472 2993 1696 3062 respicit:
1731 3030 1766 3054 „
1806 2992 1855 3042 id
1895 2994 1942 3043 in
1981 2990 2138 3043 homi-

168 3063 306 3115 nibus
339 3079 540 3132 quoque
569 3081 742 3115 verum
773 3064 873 3115 esse
904 3064 1185 3114 videretur.
1227 3062 1351 3114 Illud
1385 3063 1508 3115 vero
1551 3063 1808 3115 certiffime
1848 3063 2129 3126 observavi,

169 3149 325 3187 totam
358 3135 460 3187 fere
492 3134 655 3197 istam,
694 3151 801 3203 quae
834 3134 988 3186 soluta
1020 3133 1180 3186 adhuc
1211 3153 1346 3198 erat,
1385 3136 1607 3188 Valvulae
1645 3152 1839 3205 partem
1873 3135 2034 3188 multo
2076 3154 2134 3188 ac

171 3208 329 3259 multo
368 3207 646 3261 crastiorem
680 3207 829 3275 quam
866 3211 911 3259 in
939 3207 1072 3261 foetu
1110 3208 1263 3269 esset,
1302 3225 1449 3276 atque
1482 3209 1759 3260 firmiorem
1792 3208 1894 3259 esse
1934 3207 2128 3262 fastam.

1938 3281 2061 3347 Qui-
