2501 3602
617 181 678 236 A
702 177 1442 257 ‘NJMADVERSJO
1534 191 1722 250 XLI.
1988 219 2052 274 51

179 309 281 345 rem
323 289 610 345 ostendunt.
669 286 924 341 Caeterum
962 284 1218 339 notabilem
1253 286 1390 342 istam
1424 292 1495 340 ad
1517 294 1772 362 posteriora
1810 295 2139 370 obliquitatem

180 384 331 435 quam
359 362 443 413 fibi
478 358 764 430 conttgt‘fie,
805 362 954 426 dicit,
995 363 1419 425 animadvertere,
1456 363 1805 437 Verheyenius
1835 391 1948 428 ante
1985 374 2143 440 ipsum
2196 380 2296 436 Tab.
2324 388 2385 424 28.

174 439 551 501 delineaverat3
589 452 689 503 ego
746 452 912 488 autem
957 433 1037 488 vel
1086 436 1368 505 priusquam
1413 436 1447 486 Ι.
1486 437 1777 491 Adversaria
1828 449 2143 509 emitterem,
2167 435 2250 484 Eg·
2275 446 2317 481 9‘

178 507 398 564 Dustum
443 506 575 559 hunc
604 506 856 573 Majorem
895 526 997 560 non
1030 510 1092 561 ad
1129 506 1404 579 posteriora
1440 507 1600 560 modo
1631 546 1648 573 ,
1684 509 1858 565 verum
1891 522 2038 570 etiam
2077 519 2141 570 ad

175 582 300 633 latus
336 596 596 633 externum
627 581 938 650 obliquatum
967 581 1099 644 esse,
1138 581 1543 634 observaverat-n:
1583 583 1721 650 quod
1759 584 1962 639 demum
1996 590 2021 639 a
2055 590 2139 641 Cl.

174 651 409 706 Heistero
446 652 466 716 (
505 656 552 706 in
594 654 733 722 cujus
780 654 1029 706 Iconismis
1070 656 1188 721 quid
1225 653 1438 723 probem
1462 691 1480 717 ,
1521 654 1672 722 quid,
1709 672 1892 724 praeter
1927 658 2139 725 majores
2163 659 2255 701 Diis.
2274 662 2378 718 den.

176 726 412 779 duPtuum
449 724 808 788 dimensioneS,
845 724 1154 789 desiderem,
1193 746 1256 778 ex
1291 725 1418 778 hisce
1452 727 1975 783 Animadversionibus
2001 731 2140 783 intel-
2163 715 2384 805 ῗζςξζξὲίξζ

173 797 264 868 ligi
295 801 481 869 poterit
514 803 535 867 )
575 798 779 868 egregie
813 796 882 850 est
918 798 1215 851 delineatum
1235 838 1247 850 .
1318 797 1443 850 Illud
1474 815 1643 852 tamen
1674 798 1803 852 haud
1840 802 1908 856 est
1935 807 2141 869 reticen-
2169 826 2202 852 1.

176 871 330 934 dum,
365 889 446 922 me
480 873 531 923 in
568 872 810 940 plerisque
851 870 1174 923 cadaveribus
1205 868 1362 922 minus
1397 868 1457 920 ad
1495 871 1766 939 posteriora
1797 875 2141 946 obliquatum,

175 942 328 1011 quam
360 942 420 995 ab
435 943 653 997 Austore
682 943 1049 994 Dissertationis
1083 945 1133 994 in
1171 960 1211 1010 3.
1230 942 1494 1011 praesertim
1525 946 1706 1013 Figura
1743 948 1989 1016 pingitur,
2009 948 2143 1001 hunc

171 1016 397 1070 Dustum
433 1015 698 1075 invenisse,
734 1013 839 1067 imo
887 1013 1150 1083 aliquando
1187 1015 1248 1067 ad
1292 1014 1473 1067 lineam
1517 1014 1622 1071 fere
1663 1018 2042 1075 descendentem
2086 1025 2143 1074 iis

174 1090 260 1156 qui
293 1085 411 1138 mihi
450 1087 703 1140 dissecanti
737 1087 973 1150 aderant,
1008 1086 1320 1141 monstrasse.

410 1231 1603 1301 ANIMADVERSIO
1694 1237 1897 1305 XLI.

335 1373 486 1425 Ltera
519 1373 834 1442 consequitur
866 1371 1130 1427 anatbmica
1165 1374 1502 1441 manuductio,
1540 1377 1604 1430 de
1634 1393 1732 1445 qua
1764 1399 1862 1433 non
1892 1380 1944 1433 id
1981 1383 2137 1435 modo

372 1446 505 1513 quod
540 1447 602 1497 de
642 1450 811 1515 priore
849 1446 1292 1515 administratione,
1326 1450 1566 1511 dicimus,
1595 1449 1772 1502 verum
1807 1454 1999 1523 insuper
2034 1454 2140 1507 haec

176 1521 436 1570 addimus.
477 1518 696 1571 Primum
728 1520 1013 1589 Majorem,
1047 1521 1127 1572 seu
1165 1525 1312 1574 mavis
1340 1522 1741 1590 longitttdmalem
1770 1525 1995 1577 Dustum
2029 1544 2140 1596 per-

174 1607 352 1659 peram
386 1592 478 1643 dici
501 1589 748 1661 sepultum
786 1595 839 1643 in
878 1589 966 1662 offe
990 1592 1145 1664 factet
1182 1597 1356 1664 majori
1384 1633 1400 1656 ,
1440 1611 1546 1646 tum
1582 1598 1695 1663 quia
1751 1614 1923 1649 revera
1962 1617 2140 1668 magna

176 1681 240 1714 ex
267 1680 407 1732 parte
443 1682 543 1716 non
581 1663 673 1725 est,
718 1681 823 1716 tum
857 1669 965 1732 quia
1003 1664 1190 1718 etiamsi
1228 1666 1370 1718 nobis
1402 1667 1622 1736 placeret
1658 1667 1803 1720 faciei
1842 1670 2140 1723 vocabulum

177 1751 290 1785 cum
322 1734 619 1799 Aristotele,
659 1737 710 1791 δέ
745 1737 876 1805 Julio
920 1738 1130 1789 Polluce
1176 1736 1243 1789 sic
1279 1740 1505 1807 accipere
1534 1776 1550 1802 ,
1590 1755 1647 1790 ut
1685 1759 1742 1793 os
1788 1740 1963 1794 frontis
2007 1745 2138 1795 inter

177 1805 282 1874 ejus
317 1808 422 1858 ossa
455 1826 553 1858 non
591 1825 923 1877 poneremus3
961 1828 1017 1860 os
1060 1826 1231 1861 tannen
1264 1810 1509 1861 inferioris
1547 1812 1759 1863 maxillae
1809 1813 1947 1865 nullo
1983 1817 2141 1867 modo

174 1879 425 1946 possemus
459 1897 543 1930 aut
575 1899 636 1932 ex
670 1878 809 1931 faciei
840 1879 1020 1933 offibus
1053 1881 1364 1949 ejicere,aut
1394 1884 1569 1950 quovis
1606 1884 1710 1935 osse
1743 1884 1944 1937 alterius
1978 1886 2145 1939 maxil-

176 1949 237 1999 lae
268 1953 427 2001 minus
458 1968 723 2016 reputare.
760 1953 961 2001 Deinde
993 1954 1191 2017 quando
1223 1952 1305 2004 ista
1326 1954 1649 2006 manudufflo
1681 1957 1894 2024 suscepta
1928 1956 2144 2020 est,non

179 2020 286 2071 satis
321 2019 387 2071 est
417 2020 626 2071 docere:
665 2058 699 2082 „
735 2021 1043 2072 reserandam
1077 2023 1175 2072 esse
1205 2025 1335 2073 viam
1367 2024 1518 2089 usque
1552 2025 1612 2073 ad
1642 2023 1799 2076 finum
1834 2031 2141 2092 pituitariurn

179 2129 214 2155 „
250 2094 298 2144 in
328 2091 566 2143 maxillari
597 2092 702 2143 osse
738 2090 1187 2160 comprehensum3
1225 2130 1259 2155 „
1296 2091 1428 2159 quasi
1458 2093 1581 2145 vero
1620 2097 1856 2148 continuo
1903 2114 2019 2150 tunc
2058 2118 2142 2170 ap-

179 2181 376 2235 pareret
414 2181 517 2216 tota
548 2165 681 2216 ossea
716 2166 892 2233 vagina
930 2179 1035 2232 quae
1068 2164 1382 2232 inspiciendas
1413 2165 1587 2217 Partes
1617 2167 1992 2238 complefiitur3
2025 2191 2138 2226 nam

182 2236 451 2289 auferenda
488 2236 646 2305 porro
685 2234 752 2288 est
791 2236 924 2287 ossea
963 2235 1141 2288 lamina
1179 2253 1286 2304 quae
1314 2239 1442 2289 inter
1480 2235 1606 2289 finus
1636 2240 1762 2291 illius
1799 2259 2028 2306 caveam,
2061 2263 2139 2297 va-

182 2314 410 2379 ginaeque
448 2326 639 2378 partem
672 2310 936 2361 intercedit
957 2345 974 2370 ,
994 2325 1048 2359 ut
1086 2308 1286 2378 prorsus
1315 2347 1348 2372 „
1388 2310 1696 2363 conducatur
1725 2314 1955 2384 inspefflo
1988 2317 2136 2384 usque

181 2419 215 2445 „
253 2383 314 2434 ad
364 2384 587 2450 vaginam
633 2382 816 2434 osseam
864 2381 1152 2450 specialem.
1206 2418 1239 2443 „
1276 2383 1525 2434 Praeterea
1563 2401 1670 2451 quae
1704 2385 1768 2436 de
1799 2391 2019 2455 vaginae,
2053 2389 2134 2440 seu

185 2454 362 2507 canalis
396 2455 526 2507 istius
562 2455 683 2508 ossei
722 2453 993 2517 densitate,
1032 2473 1090 2506 ac
1127 2455 1373 2507 soliditate
1402 2456 1594 2524 speciali
1625 2459 1961 2522 inculcantur,
1989 2462 2137 2528 usque

183 2527 311 2580 adeo
349 2528 518 2596 paffim
568 2528 629 2580 ab
664 2529 970 2581 Anatornicis
999 2529 1049 2577 in
1096 2528 1201 2580 aliis
1231 2532 1377 2580 etiam
1423 2529 1565 2579 osseis
1611 2529 1855 2583 canalibus
1892 2532 2136 2585 observari

183 2600 371 2661 solent,
408 2617 463 2651 ut
499 2600 581 2651 hic
612 2603 746 2653 certe
778 2618 863 2652 aut
895 2601 1094 2664 omitti,
1126 2617 1208 2652 aut
1241 2604 1322 2653 vix
1356 2603 1530 2669 attingi
1566 2605 1865 2670 potuissent.
1902 2606 2137 2657 Tandem

187 2670 269 2723 ista
308 2686 413 2738 quae
462 2672 523 2721 ad
573 2689 730 2723 totam
765 2673 971 2738 Majoris
1008 2674 1201 2726 Πυθίας
1249 2672 1589 2725 habitudinem
1631 2678 1954 2745 retegendam
1992 2680 2139 2746 perti·
2164 2700 2218 2732 De
2239 2700 2381 2737 Ducem

188 2760 303 2804 net,
337 2742 660 2795 manudufftio
692 2743 802 2794 cum
841 2743 968 2794 ultra
999 2744 1102 2808 ejus
1133 2748 1350 2811 vaginae,
1388 2745 1440 2799 δέ
1476 2748 1825 2814 proximorum
1855 2748 2024 2801 ossium
2055 2749 2136 2800 dis-
2160 2749 2380 2796 ejusdemffi

189 2818 477 2885 ruptionem
514 2813 644 2868 haud
678 2815 954 2885 procedat,
990 2833 1088 2866 non
1120 2813 1312 2867 tantum
1346 2834 1520 2868 manca
1549 2816 1741 2879 est,sed
1774 2819 1825 2873 ἅ·
1853 2821 2137 2887 graviffimae
2161 2802 2380 2899 Zfffjssssffl‘

147 2937 150 2941 .
190 2889 580 2942 hallucinationis
613 2892 680 2940 ita
708 2888 902 2940 facilem
935 2885 1243 2940 occasionem
1275 2888 1493 2959 praebet,
1527 2907 1581 2941 ut
1612 2891 1689 2942 vel
1721 2891 1801 2944 Cl.
1834 2894 1934 2962 ipse
1966 2903 2138 2944 M‘amt-

191 2963 430 3013 duc‘i‘t‘ont‘s
460 2961 650 3015 Austor
683 2981 795 3014 eam
824 2960 892 3011 ob
926 2960 1112 3011 causam
1147 2977 1253 3013 tum
1286 2965 1337 3012 in
1368 2962 1724 3029 descriptione,
1764 2981 1870 3016 tum
1902 2968 1951 3018 in
1997 2970 2139 3038 Figu-

189 3040 254 3088 ris
287 3037 561 3087 maximum
592 3037 818 3086 omniurn
852 3036 936 3101 qui
969 3036 1016 3082 in
1048 3049 1153 3084 tota
1182 3033 1264 3085 ista
1295 3036 1650 3088 Dissertatione
1683 3055 1981 3101 occurrunt,
2012 3059 2138 3092 erra-

187 3110 308 3162 visse
339 3126 563 3161 errorem
600 3109 824 3160 videatur
845 3146 855 3157 .
898 3104 1031 3158 Cum
1061 3108 1194 3158 enim
1224 3109 1278 3157 iis
1308 3108 1484 3160 offibus
1518 3108 1742 3176 disruptis
1771 3111 1867 3162 una
1902 3129 2016 3163 cum
2034 3115 2138 3165 Du-

190 3182 267 3235 &u
300 3185 349 3236 in
382 3180 691 3253 conspetOtum
722 3182 886 3234 veniat-
917 3195 1030 3251 pars
1067 3180 1291 3249 quaedam
1321 3179 1411 3252 ipfi
1442 3185 1736 3236 continuatae
1764 3186 1952 3237 narium
1985 3203 2137 3240 mern-

1370 3256 1417 3307 G
1496 3272 1526 3306 2.
1955 3255 2061 3309 bra-
