2576 3607
625 186 756 244 DE
818 184 1108 242 VEWA
1190 186 1429 245 §IGNE
1511 196 1785 268 PARI„
2018 220 2093 270 77·

217 318 336 374 pars
373 299 616 368 sanguinis
655 316 715 349 ex
766 298 866 349 imo
906 314 1080 349 ventre
1135 297 1194 349 ad
1234 315 1320 349 cor
1362 299 1562 349 redituri
1602 303 1649 351 in
1688 321 1791 353 eam
1830 324 2006 357 venam
2046 324 2180 355 rece„

220 391 339 444 pta,
375 371 662 423 inferiorem
704 389 832 422 cavae
870 387 1096 422 truncum
1132 389 1230 421 non
1269 388 1381 421 ante
1417 370 1788 440 {ubiret,quz‘im
1822 376 1900 426 hic
1920 376 2176 447 diaphrag-

222 463 306 498 ma
343 444 583 511 trajiciens
635 444 819 496 affiduo
865 441 1007 511 hujus
1047 461 1191 513 motu*
1224 443 1374 509 juvari
1420 445 1613 512 posset-7
1658 461 1763 494 tum
1814 448 2018 513 putabat
2048 487 2063 511 ,
2103 467 2179 499 ve-

221 536 338 568 nam
372 533 572 584 quoque
604 515 705 567 sine
737 517 842 583 pari
877 536 976 566 non
1009 514 1213 566 absimili
1246 517 1308 566 de
1344 517 1480 566 causa
1514 516 1839 568 construstam
1875 520 2001 569 esse.
2042 523 2179 571 Nam

221 607 278 641 ut
312 591 435 639 rami
487 587 627 655 hujus
665 588 822 640 infimi
854 606 965 637 cum
1022 586 1344 650 iumbalibus,
1403 606 1552 655 atque
1590 589 1836 640 interdum
1878 608 1989 639 cum
2029 592 2180 643 emul-

223 660 456 730 gentibus
489 664 638 712 etiam
678 662 814 712 venis
861 664 1261 721 communicant,
1320 678 1522 712 truncus
1553 679 1753 721 autem,
1792 659 2182 713 intercostaiium

223 731 248 796 ¹(
283 735 449 803 paucis
487 731 818 802 superioribus
857 734 1077 799 exceptis
1109 736 1128 799 )
1172 751 1402 784 cruorem
1435 734 1681 795 admittit,
1719 738 1784 784 ita
1816 734 2017 800 planum
2053 734 2181 794 esse,

224 825 328 858 non
360 805 644 867 dubitabat,
700 819 897 876 partem
939 803 1148 870 aliquam
1181 807 1424 875 sanguinis
1459 825 1521 856 ex
1555 809 1658 856 imo
1693 822 1898 867 ventre,
1947 823 2184 873 magnam

224 878 351 930 vero
393 898 454 930 ex
505 878 679 929 infimo
733 874 939 926 thorace
976 876 1263 938 redeuntis,
1303 876 1353 929 ὃς
1389 893 1661 946 propterea
1699 881 1747 929 in
1786 896 1953 929 cavam
1989 877 2186 929 inferio-

224 968 338 1004 rern
371 950 648 1003 corrivandi
678 986 695 1009 ,
749 966 811 997 ne
846 947 951 998 haec
980 950 1133 998 nimio
1169 950 1351 1000 surium
1382 948 1616 1001 vehendo
1663 968 1817 1002 onere
1855 968 2187 1019 praegravare-

227 1039 312 1074 tur
343 1061 360 1086 ,
411 1025 458 1074 in
507 1020 641 1073 istam
689 1018 987 1089 singularem
1025 1037 1201 1072 venam
1250 1023 1526 1081 divertere,
1578 1023 1603 1073 a
1638 1039 1733 1090 qua
1772 1039 1828 1074 ut
1866 1041 1956 1093 per
1997 1025 2188 1075 arteriae

226 1113 421 1164 magnae
472 1093 596 1144 latus
637 1091 769 1160 quafi
801 1109 1137 1164 perrepente,
1167 1093 1230 1145 eo
1263 1092 1447 1146 facilius
1486 1096 1665 1146 sursum
1696 1094 1843 1157 vehi,
1880 1112 1935 1146 ut
1979 1095 2102 1147 vero
2140 1098 2190 1145 in

231 1184 403 1219 cavam
453 1165 763 1235 superiorem
813 1164 1097 1229 definente,
1149 1171 1212 1218 eo
1263 1166 1566 1238 procliviuS,
1606 1184 1784 1238 utpote
1829 1168 2090 1231 deorsum,
2129 1166 2189 1217 ad

228 1257 315 1291 cor
356 1258 416 1291 ex
454 1256 515 1289 eo
549 1238 666 1290 loco
705 1238 866 1308 posset
906 1239 1237 1291 contendere.
1280 1240 1450 1302 Quam
1486 1240 1685 1308 quidem
1723 1242 2043 1301 sententiam,
2079 1235 2192 1290 cuin

226 1311 347 1363 mihi
384 1330 443 1363 ea
483 1310 650 1379 primo
688 1313 887 1382 cognita
927 1310 993 1362 est
1024 1349 1039 1373 ,
1093 1331 1192 1363 non
1229 1330 1407 1382 parum
1441 1311 1600 1364 fateor
1644 1312 1877 1380 placuisse
1917 1312 2014 1364 sive
2054 1310 2193 1380 quod

228 1402 404 1437 revera
440 1382 656 1447 habeat,
694 1402 782 1436 cur
817 1383 1017 1452 placere
1051 1383 1263 1447 debeat,
1297 1383 1394 1435 sive
1426 1385 1562 1453 quod
1597 1384 1772 1436 similes
1803 1385 1870 1436 ob
1903 1385 2057 1436 causas
2096 1383 2194 1453 ipse

230 1456 352 1507 olim
384 1457 701 1523 conjecissem
732 1466 749 1519 ,
805 1455 1116 1508 thoracicum
1167 1474 1368 1526 quoque
1415 1457 1652 1519 ductum,
1692 1476 1791 1509 non
1828 1461 1876 1508 in
1910 1458 2193 1526 proximam.

229 1546 410 1581 venam
449 1547 618 1581 cavam
652 1529 968 1591 inferiorem,
1007 1530 1086 1580 sed
1122 1531 1170 1582 in
1206 1547 1396 1581 ramum
1429 1530 1692 1599 superioris
1725 1527 1931 1580 influere
1952 1570 1962 1580 .

306 1603 461 1653 Nunc
494 1602 617 1653 vero
655 1619 710 1653 ut
743 1603 918 1652 eadem
955 1602 1207 1671 placeret,
1242 1620 1342 1652 non
1375 1619 1538 1654 tamen
1570 1603 1684 1654 inde
1715 1619 1824 1652 eam
1856 1604 2046 1653 causam
2081 1600 2195 1650 asse-

237 1689 454 1741 querer,
494 1691 643 1741 quam
683 1677 832 1725 tertio
876 1675 992 1724 Ioco
1040 1675 1139 1725 esse
1178 1676 1416 1743 proposui
1455 1675 1868 1744 perquirendam,
1907 1692 1992 1725 cur
2030 1673 2195 1725 videli-

236 1761 317 1796 cet
349 1744 591 1814 simplex,
631 1764 729 1796 non
768 1745 981 1813 duplex,
1020 1765 1073 1796 ea
1104 1765 1228 1797 vena
1270 1747 1469 1797 condita
1507 1744 1594 1806 sit,
1633 1746 1845 1796 maxime
1880 1744 1991 1798 cum
2027 1747 2075 1796 id
2116 1745 2196 1796 ad-

235 1814 446 1887 jumenti
497 1817 523 1869 a
560 1816 749 1867 duabus
789 1815 1005 1878 facilius,
1046 1818 1197 1885 quam
1238 1818 1296 1868 ab
1339 1837 1432 1868 una
1469 1835 1597 1868 vena
1635 1815 1803 1869 afferri
1841 1818 2058 1886 sanguini
2107 1835 2194 1887 po-

236 1890 385 1941 tuisse
421 1890 651 1941 videatur
674 1929 685 1940 .
723 1891 862 1942 Num
895 1908 1019 1958 ergo
1061 1908 1204 1940 unam
1243 1892 1468 1941 dicemus
1508 1890 1606 1940 esse
1640 1889 1851 1951 factam,
1889 1909 1950 1940 ne
1990 1887 2025 1938 fi
2058 1889 2197 1949 duae,

232 1961 263 2012 ἐ
301 1963 507 2029 regione
562 1960 648 2012 fibi
687 1962 925 2028 objectae,
979 1966 1027 2013 in
1069 1963 1280 2013 eundem
1331 1963 1500 2013 locum
1540 1960 1837 2023 influerent,
1892 1963 2042 2013 altera
2080 1961 2197 2012 alte-

236 2034 339 2083 rius
371 2034 472 2082 usui
503 2032 872 2097 adversaretur,
926 2034 1033 2083 satis
1074 2051 1289 2101 namque
1329 2035 1546 2099 ibidem·²
1586 2034 1666 2084 vel
1704 2033 1803 2085 fine
1842 2033 1967 2099 hoc,
2010 2051 2193 2102 magna

240 2103 500 2155 difficultas
538 2107 701 2153 cruori
740 2103 1004 2170 objicitur,
1044 2104 1095 2159 ὃς
1135 2104 1195 2154 ab
1234 2104 1465 2156 inferiore
1502 2106 1650 2166 loco,
1704 2104 1755 2159 ἃ
1786 2122 1957 2157 contra
1999 2104 2196 2156 alterius

236 2176 466 2226 deorsum
500 2174 705 2227 labentis
738 2176 928 2238 cursum
966 2172 1245 2226 influxuro.

312 2252 389 2299 An
421 2246 585 2317 potius
630 2265 782 2299 unam
828 2247 1138 2314 eandemque
1184 2247 1285 2298 esse
1338 2248 1597 2315 credemus
1628 2249 1849 2310 causam,
1887 2266 2038 2317 quare
2068 2268 2195 2300 vena

239 2337 429 2388 azygos
459 2319 510 2374 δε
538 2338 632 2370 una
665 2318 721 2370 fit
754 2359 770 2382 ,
822 2319 872 2374 ἃ
904 2318 961 2369 ab
995 2321 1168 2371 dextra
1200 2336 1343 2388 parte
1373 2357 1390 2381 ,
1443 2322 1506 2372 de
1540 2338 1640 2389 quo
1690 2321 1944 2373 noviffime
1976 2338 2197 2389 quaeren-

239 2394 358 2444 dum
390 2392 558 2460 posui,
599 2392 885 2453 constituta,
922 2391 1059 2459 quod
1095 2392 1329 2444 videlicet
1360 2394 1774 2462 impedimentum
1803 2397 1849 2445 in
1883 2392 2068 2445 fin÷str0
2089 2393 2196 2446 tho-

236 2466 364 2516 racis
398 2464 551 2515 latere
582 2464 781 2532 aliquod
819 2462 1091 2525 obstiterit,
1134 2483 1196 2515 ne
1230 2465 1333 2532 ejus
1380 2483 1515 2517 venae
1549 2482 1747 2517 truncus
1784 2467 1891 2517 satis
1924 2466 2196 2517 commode

238 2536 304 2587 ibi
336 2538 557 2604 potuerit
587 2537 846 2603 collocari,
887 2555 1018 2588 nunc
1046 2540 1176 2588 enim
1210 2538 1345 2589 certe
1384 2538 1495 2589 satis
1530 2538 1800 2590 commode
1831 2538 2024 2590 Iocatus
2053 2538 2121 2591 est
2137 2538 2196 2590 ab

239 2607 324 2658 ista
356 2608 450 2675 ipsa
481 2625 645 2676 parte,
693 2626 842 2676 quam
875 2627 989 2661 cava
1023 2626 1190 2670 tenet,
1230 2612 1277 2661 in
1310 2626 1457 2677 quam
1491 2610 1572 2663 ille
1610 2609 1759 2662 debet
1788 2608 1998 2663 influere
2025 2628 2197 2679 3quem

241 2678 302 2730 ad
335 2677 504 2728 locum
535 2678 569 2727 fi
601 2698 663 2729 ex
693 2681 892 2731 adverso
936 2681 1093 2731 latere
1145 2682 1501 2744 contenderet,
1537 2681 1828 2749 interpofita
1866 2702 2042 2750 magna
2073 2698 2196 2733 arte-

244 2753 315 2801 ria
354 2747 551 2799 fortasse
582 2749 822 2815 obstaret,
879 2751 1184 2816 Quanquam
1227 2751 1357 2802 haud
1388 2771 1469 2802 me
1504 2752 1667 2819 fugit,
1703 2754 1983 2820 priusquam
2017 2753 2198 2820 aliquid

243 2821 539 2887 statuamus,
580 2823 763 2873 variam
801 2839 909 2871 eam
946 2824 1188 2871 rationem
1242 2822 1646 2890 perpendendam
1681 2823 1811 2884 esse,
1849 2839 1945 2891 qua
1977 2826 2025 2876 in
2058 2828 2201 2876 variis

246 2892 761 2962 animantibuS,atque
794 2892 923 2944 adeo
958 2895 1005 2943 in
1044 2891 1330 2960 quibusdam
1362 2896 1510 2944 etiam
1542 2892 1825 2946 hominibus
1859 2914 1981 2949 vena
2011 2915 2200 2967 azyges

249 2963 475 3035 dispofita
513 2965 610 3017 est.

325 3034 518 3090 Verum
567 3056 665 3106 ego
701 3036 750 3091 3<
781 3037 831 3087 id
867 3076 883 3100 ,
924 3036 975 3091 &
1003 3053 1306 3106 quaecunque
1345 3039 1487 3108 supra
1528 3039 1668 3107 attigi
1700 3078 1716 3100 ,
1754 3059 1852 3092 non
1884 3038 1999 3092 ideo
2031 3043 2203 3111 attigi,

252 3128 307 3163 ut
340 3109 577 3178 judicium
609 3113 987 3176 interponerem
1020 3127 1188 3162 meum
1209 3147 1225 3172 ,
1260 3111 1342 3161 sed
1376 3127 1431 3161 ut
1463 3127 1638 3172 tuum,
1675 3113 1768 3163 Vir
1803 3112 2204 3175 Doffiffime,ex-=

254 3185 534 3251 quirerem.
566 3181 726 3248 Quod
758 3180 795 3233 fi
837 3181 954 3235 mihi
983 3200 1079 3252 pro
1114 3199 1198 3233 tua
1234 3182 1565 3252 speetatiffima
1601 3181 1906 3238 humanitate
1940 3189 2206 3255 aperueriS,

2025 3254 2135 3325 cum
