2501 3602
86 964 177 1012 Qa
192 975 306 1012 angu-

78 1009 307 1062 stta2figura2

91 1067 136 1103 (fy-
162 1065 283 1111 positu

88 1127 278 1151 extrtmum

86 1166 242 1212 ejusdcm

88 1214 262 1261 orificium

82 1268 155 1313 sit.

420 196 497 251 54
681 160 1355 240 ADVERSARIA
1422 163 1748 225 A6NAT.
1817 165 1931 225 VJ.

308 284 455 357 sicam
492 301 609 336 curn
644 282 844 350 reliquo
877 278 980 332 nafi
1013 297 1136 337 cavo
1173 276 1551 345 confhndentem
1590 280 1955 347 perspiciet‚at
1990 279 2115 334 verb*
2147 280 2308 352 ipsum

322 357 517 413 Duc‘tus
547 358 701 411 finem
735 372 889 425 quern
920 353 1040 407 infra
1075 352 1181 421 ejus
1218 350 1437 403 recessus
1473 352 1720 402 verticem
1758 355 1806 405 in
1843 353 1991 423 ipsius
2020 353 2210 406 laterali
2230 372 2311 406 ex·

322 434 512 485 teriore
549 432 738 501 pariete
773 429 1024 490 inveniet,
1062 422 1253 482 tantum
1291 421 1456 474 aberit
1478 459 1495 486 ,
1528 438 1636 486 ut„
1674 423 2030 494 pelviformem
2059 427 2312 498 appellare

324 543 358 570 „
393 503 541 576 posfit
574 504 602 556 a
629 500 797 557 forma
828 499 951 555 vasis
988 500 1114 551 illius
1155 497 1465 547 communis:
1505 496 1643 564 quod
1692 494 1719 548 a
1748 496 1850 549 basi
1881 499 2031 566 usque
2064 501 2124 553 ad
2169 517 2314 553 oram

325 616 359 644 2,
397 579 531 631 suam
569 593 727 630 totam
761 614 779 639 ,
817 575 980 641 magis
1017 569 1270 637 magisque
1310 568 1576 640 ampliatur
1610 592 1695 638 5„
1735 570 1994 625 evidenter
2036 576 2313 643 comperiet

327 652 562 722 proxima
593 651 845 719 superiore
875 640 1070 697 Dufius
1101 657 1248 713 parte
1288 640 1627 713 angustiorem
1650 682 1661 695 .

531 777 1727 858 ANIMADVERSIO
1835 789 2133 857 XLIII.

333 935 648 1079 ATque
680 949 735 987 ut
771 949 951 985 omnes
986 931 1087 998 jam
1119 950 1252 985 nunc
1283 931 1464 1005 possint
1492 934 1808 1004 intelligere,
1830 932 1981 1003 quam
2019 932 2175 1006 longe
2209 932 2332 988 ave-⁴

531 1026 591 1060 ro
624 1011 674 1061 in
719 1005 815 1058 hac
868 1006 1135 1076 praesertim
1171 1022 1313 1076 parte
1346 1006 1579 1060 aberrent
1618 1008 1751 1062 istius
1795 1006 2163 1063 Differtationis
2212 1007 2326 1060 cum

330 1085 483 1140 verba
515 1119 533 1145 .,
571 1098 682 1134 tum
714 1078 1073 1149 respondentes
1102 1080 1298 1147 Figurae
1335 1080 1684 1150 ampliffimurn
1714 1078 1836 1134 istud
1870 1117 1888 1144 ‚
1927 1078 1979 1135 ὅ(
2008 1081 2167 1134 ferme
2200 1080 2332 1133 hori-

333 1155 533 1213 zontale
563 1153 758 1209 Dufius
790 1151 1040 1204 orificium
1074 1150 1410 1220 exhibentes·⁷
1457 1153 1620 1214 addo,
1661 1153 1761 1205 hoc
1800 1154 2047 1208 orificium
2079 1156 2144 1207 ita
2181 1154 2208 1207 a
2244 1172 2328 1205 me

334 1232 616 1305 plerunque
632 1231 906 1296 2inventum
939 1224 1041 1277 esse
1069 1262 1086 1286 a
1141 1242 1199 1277 ut
1235 1224 1448 1295 ellipsim
1510 1224 1724 1279 referret
1770 1245 1871 1279 non
1908 1231 1957 1278 in
2005 1227 2330 1281 transversum

336 1303 581 1377 positam,
619 1302 701 1354 sed
735 1300 761 1352 a
796 1296 1159 1371 perpendiculo
1197 1295 1501 1368 aliquantum
1530 1301 1581 1353 in
1617 1297 1745 1352 latus
1777 1299 2058 1353 inclinatam
2100 1338 2117 1362 ,
2153 1300 2213 1353 ea
2250 1319 2332 1354 au-

335 1397 445 1432 tem
473 1395 575 1429 non
603 1373 763 1427 modo
796 1376 845 1424 in
873 1375 972 1424 ima
1004 1387 1147 1442 parte
1181 1410 1197 1437 ‚
1249 1388 1348 1442 qua
1397 1373 1523 1443 saepe
1554 1372 1786 1425 videlicet
1821 1372 1906 1425 ista
1968 1371 2150 1445 ellipsis
2186 1391 2338 1444 angu-

337 1451 454 1506 stior
488 1466 594 1502 erat
622 1487 639 1512 ‚
693 1442 869 1511 verum
900 1447 1053 1498 etiam
1087 1448 1137 1498 in
1168 1462 1333 1499 totum
1366 1449 1609 1517 parvitate
1650 1485 1667 1510 a
1718 1463 1775 1498 ut
1813 1444 1947 1500 haud
1987 1447 2103 1499 raro
2149 1448 2201 1498 iis
2250 1448 2339 1515 qui

338 1520 546 1596 propius
574 1518 1208 1593 inspe&aba1it‚iiiterdiim
1239 1518 1361 1571 mihi
1399 1534 1602 1591 quoque
1632 1517 1722 1591 ipsi
1754 1539 1856 1573 non
1897 1537 2010 1574 ante
2048 1536 2335 1590 appareret,

342 1596 495 1665 quam
546 1590 808 1647 demissum
856 1609 946 1663 per
996 1592 1220 1646 Duorum
1267 1593 1524 1664 specillum
1578 1593 1825 1646 orificium
1863 1595 2023 1664 ipsum
2070 1594 2340 1646 indicaret.

341 1673 468 1725 Non
500 1665 807 1722 diffimulabo
842 1704 858 1728 a
898 1665 1020 1718 illud
1058 1681 1261 1736 quoque
1297 1668 1444 1720 causae
1480 1666 1624 1720 fuisse
1651 1705 1666 1730 ‚
1707 1685 1798 1719 cur
1831 1686 1933 1720 non
1963 1666 2108 1720 facile
2143 1683 2343 1739 appare-

344 1760 452 1807 ret,
491 1741 631 1812 quod
668 1737 780 1793 cum
813 1737 895 1791 hic
929 1741 995 1791 ita
1026 1752 1105 1791 res
1141 1741 1187 1792 se
1222 1738 1436 1793 haberet
1464 1757 1520 1793 ut
1549 1743 1599 1794 in
1616 1740 1905 1793 Ureterum
1947 1741 2050 1794 fine
2072 1744 2343 1803 ,nimirum

346 1834 404 1870 ut
438 1816 689 1869 orificium
748 1815 1021 1865 maximam
1052 1829 1252 1884 partem
1288 1816 1335 1866 in
1386 1818 1582 1881 pariete
1609 1812 1803 1866 Dustus
1840 1817 2080 1864 interiore
2113 1827 2348 1883 apertum

351 1890 741 1958 esset2parietes
772 1902 941 1937 autem
978 1883 1072 1934 fint
1107 1884 1269 1937 multo
1303 1883 1387 1934 hic
1423 1885 1577 1950 quam
1612 1886 1664 1932 in
1696 1883 1983 1935 Ureterum
2019 1884 2119 1935 fine
2155 1885 2350 1935 tenuio-

352 1979 466 2023 res,
505 1975 659 2027 atque
688 1956 949 2008 molliores
980 1993 997 2017 a
1051 1955 1228 2007 orificii
1271 1973 1451 2023 margo
1488 1973 1604 2006 cum
1639 1958 1889 2006 exteriore
1928 1956 2121 2008 Duffius
2159 1957 2351 2023 pariete

357 2036 383 2085 a
412 2049 518 2100 quo
551 2030 618 2082 ob
651 2030 836 2080 coloris
867 2064 884 2089 ‚
934 2025 1308 2095 substantiaeque
1354 2025 1726 2078 similitudinem
1766 2024 1899 2077 haud
1936 2025 2078 2078 facile
2110 2027 2350 2078 discerne-

356 2122 495 2157 retur
530 2142 547 2167 ³
584 2120 742 2154 unum
775 2100 1014 2167 idemque
1046 2099 1251 2167 planum
1287 2097 1488 2150 efficere
1520 2097 1784 2149 videbatur
1822 2139 1832 2149 .
1872 2101 2112 2151 Attamen
2155 2099 2206 2155 δι
2243 2097 2349 2150 haec

356 2178 458 2247 ipsa
510 2195 591 2229 res
636 2192 693 2227 ut
724 2175 920 2241 parietis
959 2173 1212 2241 utriusque
1242 2188 1476 2242 magnam
1510 2174 1891 2242 proximitatem
1925 2209 1942 2235 ,
2000 2175 2070 2224 ita
2116 2190 2354 2244 magnam

358 2253 574 2304 extremi
607 2245 804 2305 Ductus
840 2244 1056 2299 ostendit
1089 2243 1394 2314 angustiam,
1433 2244 1486 2301 &
1515 2243 1662 2315 ipsius
1693 2244 1869 2297 orificii
1901 2249 2144 2315 exiguitas
2181 2264 2272 2317 per
2307 2245 2355 2298 se

361 2325 460 2396 ipsa
495 2341 629 2377 tanta
659 2320 728 2374 est
758 2358 775 2385 ,
828 2337 886 2372 ut
921 2314 1033 2370 curn
1063 2320 1113 2371 id
1150 2323 1197 2370 in
1229 2338 1418 2389 magno
1462 2319 1762 2372 cadaverum
1800 2337 2012 2371 numero
2047 2317 2353 2388 perquisive-

361 2401 493 2460 rim„
529 2399 579 2448 in
612 2393 864 2447 nonnullis
895 2391 1026 2444 haud
1063 2392 1221 2461 majus
1255 2394 1469 2446 viderim
1502 2390 1652 2462 quam
1683 2391 1971 2462 lacrymalia
2009 2391 2186 2462 puncta
2219 2395 2267 2442 in
2309 2411 2356 2443 2.

364 2471 450 2523 ista
481 2472 662 2538 Figura
697 2465 1047 2527 ostendantur,
1086 2468 1132 2517 in
1165 2465 1308 2517 nullis
1343 2482 1509 2518 autern
1539 2482 1757 2534 unquam
1790 2466 1998 2517 viderim
2032 2481 2259 2526 tantum3
2304 2479 2360 2514 ut

365 2543 664 2613 subduplum
696 2539 817 2592 esset
850 2536 982 2590 istius
1016 2539 1155 2606 quod
1186 2540 1235 2590 in
1269 2539 1448 2592 eadem
1481 2540 1660 2608 Figura
1694 2538 1976 2607 indicatur,
2015 2542 2062 2590 in
2109 2537 2358 2608 plerisque

370 2633 539 2669 autem
589 2612 833 2683 ejusmodi
861 2614 1137 2663 invenerim
1166 2649 1183 2673 ,
1235 2628 1292 2664 ut
1322 2608 1437 2663 cum
1467 2614 1593 2663 inter
1624 2609 1732 2663 haec
1768 2629 1943 2664 eorum
1981 2628 2090 2680 quae
2148 2610 2360 2663 viderim

370 2692 586 2742 maxima
614 2726 631 2750 ,
684 2702 834 2753 atque
865 2684 949 2736 illa
983 2686 1190 2736 minima
1223 2685 1576 2737 intermedium
1608 2685 1766 2748 esset,
1806 2689 2129 2738 minimorum
2191 2701 2360 2735 tamen

373 2764 520 2832 quam
553 2762 888 2812 maximorum
926 2758 1177 2811 diametris
1208 2756 1416 2830 propius
1464 2757 1732 2810 accederet
1767 2799 1778 2811 .
1832 2763 2003 2829 Atque
2042 2757 2149 2810 haec
2191 2759 2253 2810 de
2287 2774 2365 2809 na-

374 2834 619 2888 turalibus
651 2831 782 2886 istius
811 2831 987 2883 orificii
1021 2831 1277 2884 diametris
1310 2830 1537 2884 habenda
1569 2833 1676 2883 sunt
1714 2830 1733 2895 (
1770 2849 1933 2902 neque
1972 2835 2104 2885 enim
2145 2835 2361 2902 ignoro,

378 2907 689 2962 craffiusculis
723 2906 927 2976 specillis
956 2902 1126 2976 saepius
1155 2903 1396 2966 immistis,
1416 2904 1468 2959 ὃζ
1499 2907 1548 2958 vi
1579 2908 1773 2974 agitaris
1809 2907 1871 2959 ad
1908 2905 2152 2975 majorem
2190 2904 2361 2975 ampli-

375 2983 601 3035 tudinem
633 2980 774 3050 posse
805 2979 1016 3046 deduci)
1051 2999 1112 3032 ex
1145 2978 1324 3048 quibus
1360 2977 1447 3030 etsi
1483 2977 1606 3031 illud
1636 2978 1769 3031 reste}
1803 2979 2071 3050 colligetur
2107 3020 2124 3044 ,
2161 2997 2243 3031 eas
2283 2977 2358 3028 ali-

381 3056 567 3123 quantr)
603 3055 715 3107 alias
748 3057 797 3105 in
834 3052 935 3103 :iliis
969 3052 1111 3117 esse·⁷
1170 3070 1264 3104 nec
1298 3054 1480 3103 mirum
1507 3089 1524 3114 ,
1579 3047 1694 3103 cum
1732 3050 1868 3105 haud
1921 3052 2036 3106 raro
2076 3053 2268 3106 easdem
2306 3050 2353 3098 in

381 3144 600 3195 utroque
631 3127 850 3196 ejusdem
891 3127 1064 3197 capitis
1092 3124 1270 3178 Ducstu
1303 3144 1404 3178 non
1443 3127 1713 3178 invenerim
1751 3149 1763 3194 3
1801 3127 1850 3178 id
1886 3144 2050 3180 tamen
2089 3145 2184 3196 pro
2218 3136 2358 3174 certo

383 3196 455 3250 est
497 3201 785 3266 ponendum
815 3238 831 3264 a
883 3217 966 3253 me
998 3201 1046 3252 in
1074 3198 1304 3269 omnibus
1335 3199 1395 3253 ad
1429 3197 1528 3270 hoc
1560 3199 1712 3269 usque
1751 3216 1953 3272 tempus
1984 3200 2104 3253 illud
2146 3192 2364 3248 constans

2148 3284 2295 3337 atque
