2576 3607
773 199 1124 256 AwlMA
1143 201 1199 256 D
1219 198 1342 258 VE
1362 200 1467 272 Rs
1486 204 1516 257 J
1537 206 1582 257 0
1669 207 1742 262 L.
2064 217 2141 285 37

253 327 353 372 tat,
387 327 441 359 ac
472 305 780 374 pinguedinis
831 305 1095 368 divulsam,
1133 305 1184 362 &
1221 305 1378 358 minus
1429 306 1665 369 mollem,
1714 314 1963 383 minusque
2011 317 2228 371 oleosam

250 379 590 438 substantiam,
625 394 774 446 atque
811 379 900 429 alia
936 395 1044 446 quae
1077 397 1128 430 tu
1166 380 1370 447 quidem
1406 382 1593 441 etiam,
1632 380 1713 432 sed
1752 400 1866 436 cum
1901 389 2061 441 multo
2107 408 2227 460 prae-

249 471 383 506 terea
431 449 652 520 pluribus
695 452 1044 503 discriminibus
1091 455 1426 521 praetermittis
1457 491 1478 514 ,
1512 469 1620 519 quae
1665 469 1720 504 ut
1765 473 1865 523 ego
1920 465 2085 512 omnia
2121 482 2223 515 non

245 519 569 583 enumerem,
605 523 761 591 qualia
793 540 960 576 tamen
994 522 1118 596 fint,
1154 543 1214 575 ex
1246 524 1461 591 ejusdem
1498 523 1810 596 Verheyenii
1841 565 1857 589 ,
1896 530 2169 585 Bartholini
2207 573 2224 599 ,

247 595 478 658 Riolani,
509 594 820 663 aliorumque
850 599 1264 648 Anatomicorum
1295 596 1508 650 lefflone
1540 598 1710 666 colligi
1748 598 1911 668 potest
1936 641 1948 652 .
1986 601 2107 654 illud
2143 625 2222 657 ve-

242 687 356 720 rum
391 667 490 731 est,
520 684 629 736 quae
664 669 934 720 discrimina
966 671 1014 720 in
1053 669 1231 721 offibus
1262 667 1554 733 consistunt,
1594 690 1650 724 ea
1684 687 1735 722 te
1773 674 1822 722 in
1857 672 2012 725 Libro
2046 675 2080 725 Ι.
2115 677 2223 727 satis

243 740 559 802 indicavisse,
588 739 674 799 ubi
706 741 755 792 id
787 759 887 791 non
918 739 1295 801 modo,verum
1325 745 1473 795 etiam
1502 780 1538 804 ,.,
1570 759 1673 810 quo
1709 741 1842 808 passu
1876 748 1925 797 in
1955 745 2068 815 ipsis
2100 747 2224 800 Offi-

240 850 275 878 „
317 812 407 865 bus
439 811 787 874 efformandis,
828 830 884 862 ac
915 812 1206 875 solidandis,
1245 812 1270 863 a
1304 817 1474 882 primis
1510 817 1688 868 Foetus
1721 820 1768 868 in
1807 817 1954 870 uter&
1992 818 2221 871 materno

241 925 276 951 „
316 888 606 937 rudimentis
655 888 847 937 Natura
894 884 1139 954 procedat
1169 922 1184 945 ,
1233 886 1632 955 conspiciendum
1666 922 1701 948 „
1739 886 2026 943 exhibuisti.
2084 895 2151 942 At
2183 890 2220 943 fi

243 958 343 1011 hoc
375 959 436 1010 de
468 957 642 1009 offibus
677 956 763 1007 tibi
795 955 1078 1008 faciendum
1114 956 1192 1008 vel
1223 975 1287 1008 eo
1316 960 1362 1010 in
1400 956 1517 1009 loco
1553 957 1819 1011 existimasti
1853 985 1864 1026 3
1919 980 2005 1013 cur
2038 960 2126 1014 isto
2167 965 2218 1016 in

245 1033 431 1099 Capite
466 1032 515 1080 in
548 1045 647 1095 quo
683 1029 744 1080 de
778 1040 937 1079 Foems
973 1025 1323 1097 efformatione,
1364 1025 1427 1086 (5⁹
1459 1035 1715 1082 accretione
1745 1032 2018 1097 scribis,de
2048 1034 2216 1087 multo

243 1100 571 1160 nobilioribus
601 1101 831 1153 Partibus
870 1103 918 1153 id
953 1105 1109 1171 ipsum
1145 1121 1243 1154 non
1273 1102 1391 1153 facis
1424 1140 1441 1165 ,
1491 1104 1757 1171 praesertim
1791 1102 1904 1157 cum
1937 1107 2215 1177 Hippocra-

240 1194 316 1229 tes
346 1213 363 1238 ,
400 1174 647 1227 Fabricius
677 1212 693 1236 ,
752 1177 1027 1237 Harveus,
1077 1174 1383 1243 Malpighius
1429 1194 1531 1226 non
1578 1176 1825 1228 difficilem
1873 1178 2214 1233 obscuriffimae

237 1248 422 1315 alioqui
454 1249 525 1299 rei
555 1246 850 1316 vestigandae
878 1247 1179 1298 methodum
1219 1251 1268 1298 in
1319 1250 1401 1299 ovi
1444 1247 1950 1316 incubatifhccefflw's
1987 1250 2212 1306 observa-

236 1320 454 1373 tionibus
493 1320 845 1383 indicaverint,
886 1337 1035 1388 atque
1083 1318 1211 1371 adeo
1259 1320 1377 1387 quid
1430 1322 1477 1370 in
1523 1319 1635 1389 ipsis
1683 1322 2047 1376 Cunicuiorum
2092 1326 2216 1388 Em-

236 1391 544 1464 bryonibus,
577 1392 799 1462 pluribus
831 1412 893 1444 ex
923 1393 1101 1443 ordine
1130 1390 1307 1443 habitis
1334 1391 1748 1462 inspefflonibUS,
1775 1393 2090 1449 observatum
2123 1396 2213 1463 fit,

237 1466 466 1518 Graafius
497 1468 549 1514 in
597 1463 848 1533 postremo
893 1465 979 1516 illo
1031 1464 1057 1515 a
1103 1481 1154 1515 te
1199 1464 1380 1516 omisso
1430 1466 1614 1535 Capite
1658 1467 1960 1519 tradiderit.
2015 1467 2212 1523 Verum

235 1536 345 1591 haec
383 1574 398 1598 ,
454 1551 603 1603 atque
649 1535 739 1586 alia
767 1575 783 1598 ,
838 1553 946 1604 quae
991 1540 1170 1607 partim
1207 1538 1347 1606 supra
1384 1539 1636 1605 attigimus
1666 1575 1683 1600 ,
1733 1541 1915 1604 partim
1952 1540 2208 1595 brevitatis

239 1611 381 1660 causa
419 1610 681 1660 reticemus
714 1647 729 1670 ,
766 1607 869 1659 five
920 1609 982 1660 ad
1013 1611 1194 1662 Ovaria
1219 1646 1236 1671 ,
1274 1625 1426 1676 atque
1472 1612 1585 1662 Ova
1615 1648 1631 1672 ,
1688 1608 1787 1662 five
1835 1611 1896 1662 ad
1947 1614 2208 1681 gravidum

237 1680 498 1741 Uterum,
536 1678 634 1731 five
670 1681 730 1731 ad
763 1680 1138 1749 Embryonem,
1178 1699 1236 1732 ac
1266 1683 1472 1733 Foetum
1499 1683 1794 1749 speffiantia,
1823 1683 1929 1735 imo
1964 1686 2026 1738 ad
2058 1685 2209 1752 hujus

235 1754 565 1813 anatomicam
598 1750 844 1804 historiam
881 1752 1221 1804 absolvendam
1268 1752 1464 1820 prorsus
1497 1754 1795 1816 necessaria,
1833 1755 1901 1806 ob
1932 1775 2066 1820 eam,
2106 1778 2208 1811 cre-

238 1828 341 1889 do,
372 1826 559 1877 causam
599 1823 975 1895 praetermifisti,
1012 1823 1151 1892 quod
1181 1826 1290 1877 satis
1321 1826 1456 1894 spatii
1487 1828 1534 1876 in
1567 1823 1663 1877 hoc
1702 1827 1760 1877 ΙΙ.
1791 1827 1948 1879 Libro
1980 1849 2080 1882 non
2125 1830 2208 1883 ha-

234 1898 378 1951 beres
407 1901 432 1950 ἓ
484 1897 680 1950 Scilicet
711 1914 810 1965 quo
849 1900 897 1953 in
924 1897 1080 1950 Libro
1108 1915 1305 1950 tantum
1342 1895 1434 1948 tibi
1479 1898 1616 1966 spatii
1647 1898 1885 1968 superfuit
1914 1936 1930 1962 ,
1987 1919 2044 1953 ut
2088 1899 2208 1957 effet

237 1972 375 2039 quod
413 1970 503 2021 illis
537 1973 689 2022 etiam
724 1968 955 2023 adversus
1001 1989 1092 2022 nos
1127 1972 1317 2040 scriptis
1361 1971 1877 2024 Animadversionibus
1910 1972 2207 2043 aiiignares,

238 2046 288 2094 in
320 2060 384 2093 eo
416 2040 536 2093 nihil
568 2041 661 2093 fuit
689 2043 827 2111 quod
860 2043 1160 2110 ejuscemodi
1208 2043 1458 2094 utiliffimis
1492 2043 1874 2112 gravisfimisque
1912 2044 2207 2100 observatio-

241 2113 385 2168 nibus
415 2112 687 2165 tribueres.
727 2112 917 2166 Verum
950 2113 1204 2166 enimvero
1238 2113 1344 2167 haec
1374 2117 1657 2176 mittamus,
1688 2115 1740 2170 Sc
1773 2119 1833 2168 ad
1863 2116 2069 2173 Librum
2098 2122 2205 2176 ΙΙΙ.

236 2203 390 2257 quem
419 2182 482 2237 de
511 2183 676 2239 Medio
706 2192 912 2249 Ventre,
933 2185 1028 2255 seu
1065 2183 1278 2237 Thorace
1307 2185 1550 2249 inscribis,
1581 2188 1882 2242 transeamus
1901 2229 1912 2243 .

628 2401 1035 2474 Adveffizriorum
1077 2404 1458 2458 Anatomicomm
1496 2409 1518 2451 1
1535 2409 1586 2457 V.
1623 2408 1767 2459 Finis
1782 2446 1795 2458 .

1887 3269 2119 3325 FIGU-

2312 692 2390 728 145·

2240 1119 2302 1158 De
2329 1121 2462 1162 Natu-

2237 1180 2285 1208 ra
2336 1175 2456 1215 Puer.

2237 1232 2348 1263 num.
2370 1227 2429 1274 36.
