2576 3607
435 213 516 272 7o
720 192 1393 268 ADVERSARJA
1462 196 1777 255 A‘NAT.
1842 197 1963 256 IV.-

342 306 473 359 illius
503 302 724 376 gravidae
755 303 1184 369 observationem,
1205 303 1322 358 alias
1353 302 1559 358 habeam
1581 320 1796 373 quatuor
1833 304 1887 362 &
1916 305 2090 375 viginti
2122 305 2170 356 in
2189 321 2332 358 corna

346 381 605 432 mentariis
638 377 936 448 conscriptas
970 395 1139 431 earum
1188 378 1455 432 mulierum
1488 392 1608 445 quas
1638 376 1837 433 istarum
1877 378 2225 433 Vesicularum
2256 380 2328 431 in-

340 453 701 524 spiciendarum
735 453 896 523 gratia
929 448 1217 522 diligentius
1247 452 1485 504 scrutatus
1514 449 1646 517 sum3
1685 451 1722 505 si
1753 456 1975 523 quinque
2011 449 2238 505 detrahas
2274 452 2326 503 in

342 527 522 596 quibus
552 526 737 580 nullam
769 528 990 579 invenire
1023 523 1288 577 vesiculam
1337 525 1477 592 potui
1511 521 1591 575 vel
1626 522 1884 580 substantia
1933 528 2135 579 cervicis
2174 539 2326 593 atque

339 600 529 664 osculi,
568 598 602 652 si
632 598 767 652 forte
798 601 928 651 intra
957 598 1107 666 ipsam
1140 597 1354 650 conditae
1387 596 1630 659 laterent,
1650 597 1748 649 alte
1765 633 1799 663 ,¹7
1821 600 2153 668 accurateque
2184 598 2326 651 disse-

340 672 450 737 ἃᾶ,
488 691 571 725 aut
627 676 781 725 etiam
831 668 1114 740 compressa
1144 710 1160 733 ‚
1215 685 1431 738 quatuor
1477 685 1653 721 autem
1698 671 1749 724 in
1799 688 2006 740 quarum
2061 691 2159 725 una
2201 674 2330 724 intra

338 744 490 818 ipsius
525 744 674 799 osculi
714 746 961 796 anteriora
1006 740 1147 793 labra
1195 742 1395 813 prorsus
1447 739 1758 796 absconditas
1814 746 2026 798 secando
2071 745 2330 815 comperi,

338 819 498 872 tribus
546 834 717 869 autem
766 814 1002 882 reliquis,
1041 817 1174 868 muci
1221 811 1458 885 globulos
1509 818 1843 886 exprimendo
1886 835 1994 871 turn
2044 817 2107 869 ex
2139 816 2332 879 osculi,

338 909 447 944 tum
478 910 540 943 ex
571 890 773 942 cervicis
802 885 1093 952 substantia,
1134 888 1407 957 utrobique
1441 888 1546 942 illas
1578 887 1798 955 subesse,
1835 891 2086 957 intellexi3
2126 889 2329 958 quinde-

339 966 435 1015 cim
484 962 692 1032 reliquae
735 963 784 1015 se
834 964 903 1014 ita
952 959 1237 1014 habuerunt
1264 1001 1280 1026 ‚
1317 979 1372 1015 ut
1413 963 1603 1036 septem
1655 966 1704 1017 in
1752 964 1926 1019 osculo
1963 965 2206 1033 quidem,
2244 962 2329 1014 sed

335 1039 487 1089 etiam
535 1054 628 1106 per
676 1038 955 1099 cervicem,
991 1034 1078 1088 hic
1128 1035 1226 1088 illic
1257 1073 1274 1100 ,
1311 1037 1492 1108 sparsas
1530 1035 1783 1093 Veficulas
1819 1038 2171 1099 ostenderent,
2209 1033 2328 1088 osto

337 1127 432 1181 per
485 1111 735 1163 cervicem
782 1110 1018 1178 quidem,
1058 1109 1140 1164 sed
1186 1110 1346 1162 nullas
1400 1112 1450 1163 in
1503 1109 1707 1177 oscuIO,
1743 1113 1998 1185 pleraeque
2043 1112 2195 1164 etiam
2235 1126 2329 1160 nec

332 1200 500 1254 prope
533 1182 757 1237 osculum
794 1180 1090 1236 exhiberent
1112 1221 1124 1234 .
1178 1183 1261 1234 De
1299 1180 1474 1238 nostris
1506 1188 1661 1256 igitur
1699 1190 1918 1256 quinque
1955 1186 2007 1242 δε
2038 1184 2210 1255 viginti
2243 1180 2331 1233 ob-

332 1257 690 1311 servationibus
725 1274 821 1309 una
849 1256 942 1309 fuit
977 1272 1088 1325 quae
1138 1256 1188 1308 in
1221 1257 1328 1325 ipso
1377 1258 1573 1311 tantum
1620 1260 1792 1314 osculo
1824 1258 2078 1323 Vesiculas
2105 1255 2330 1309 ostende-

333 1332 431 1399 rit3
469 1331 734 1392 Graafiu8‚
771 1332 857 1399 qui
893 1345 1007 1382 ante
1049 1348 1141 1382 nos
1170 1327 1292 1381 olim
1326 1327 1415 1382 has
1447 1331 1828 1399 animadvertit,
1866 1354 1920 1387 ac
1953 1351 2048 1404 pro
2081 1328 2329 1402 hydatidi-

159 1421 222 1458 52.
332 1401 661 1466 bus'habuit‚
699 1421 800 1456 non
834 1405 884 1457 in
918 1405 1047 1456 uteri
1080 1402 1283 1466 osculo,
1318 1404 1401 1457 sed
1436 1408 1490 1457 in
1518 1408 1682 1468 uteri,
1720 1411 1909 1477 inquit,
1946 1406 2061 1458 collo
2091 1409 2224 1455 inter
2254 1418 2329 1452 m-

331 1495 427 1546 gas
445 1515 462 1539 ‚
485 1475 582 1545 seu
608 1472 768 1547 fibras
803 1474 968 1546 potiits
994 1514 1011 1540 a
1053 1473 1383 1547 saepenumero
1420 1475 1680 1547 hydatides
1718 1480 1927 1550 diverfie
1967 1475 2329 1548 magnitudinis

332 1553 542 1619 reperiri
558 1570 579 1610 ,-
615 1549 888 1604 Nabothus
925 1549 1162 1612 tandem,
1197 1550 1281 1617 qui
1316 1549 1429 1620 post
1460 1551 1625 1605 nostra
1654 1554 1789 1605 edita
1822 1558 1856 1607 I.
1890 1555 2179 1607 Adversaria
2213 1566 2336 1599 mox

85 1620 181 1662 Diis.
230 1619 300 1661 cit.
333 1624 528 1676 easdem
564 1662 598 1687 „
639 1641 703 1675 ex
738 1622 1495 1692 quamplurimis·cadaveribus
1529 1641 1638 1677 tum
1671 1627 1871 1697 publice
1907 1666 1924 1690 ,
1959 1645 2066 1679 tum
2099 1623 2332 1697 privatim

86 1685 212 1774 ’ἐζυῖᾏ
243 1686 305 1712 Μ’
330 1734 367 1759 aa
404 1732 422 1740 -
453 1694 660 1750 diffeffis
701 1695 986 1766 descripsit,
1024 1733 1062 1758 „
1112 1699 1323 1745 cervicis
1359 1701 1489 1747 uteri
1511 1695 1820 1769 fitperficiem
1855 1702 2105 1749 internam
2140 1710 2327 1745 omnem

318 1770 439 1840 fir&
476 1809 493 1832 ‚
530 1770 602 1819 ad
639 1768 872 1837 infimam
918 1765 1063 1838 usque
1100 1771 1334 1818 cavitatis
1372 1769 1536 1838 sim-di
1569 1777 1755 1824 uterini
1805 1786 1993 1843 partem
2021 1809 2037 1834 ‚
2076 1782 2329 1839 occupare,

333 1843 506 1895 docuit
542 1864 553 1895 :
591 1842 887 1911 addiditque
934 1842 1069 1902 dum,
1105 1858 1214 1909 quae
1253 1860 1343 1894 nos
1394 1846 1582 1913 pariter
1628 1843 1940 1909 observasse,
1976 1847 2331 1896 meminimus:

332 1954 369 1980 2,
405 1915 672 1983 aliquando
709 1931 880 1968 tamen
910 1912 1152 1967 vesiculas
1189 1915 1341 1967 etiarn
1389 1916 1653 1971 nonnullas
1688 1920 1898 1972 limbum
1947 1917 2046 1970 sive
2087 1914 2328 1968 circulum

330 2029 367 2056 :a
405 1989 586 2042 orificii
623 1991 840 2052 interni,
878 2004 1099 2057 quocum
1136 1989 1370 2057 vaginam
1409 1990 1605 2060 respicit
1634 2030 1650 2056 2
1690 2011 1958 2045 excurrere
1982 2029 1999 2053 ‚
2043 1988 2326 2048 interdum,

331 2101 367 2128 3,
402 2063 520 2115 licet
563 2059 750 2126 rarius²
788 2066 837 2114 in
892 2064 1107 2113 cavitate
1145 2060 1350 2129 quoque
1399 2062 1542 2115 fundi
1595 2068 1777 2118 uterini
1823 2083 1971 2117 unam
1999 2063 2080 2114 vel
2117 2061 2329 2114 alteram

329 2175 364 2202 >a
404 2152 704 2202 occurreres.¹
741 2174 776 2198 Ἃ
834 2134 970 2200 Qiae
1005 2131 1118 2186 cum
1156 2138 1225 2184 ita
1273 2133 1365 2187 sint
1397 2158 1412 2200 '3
1454 2139 1563 2205 quis
1600 2157 1701 2190 non
1738 2137 2017 2205 intelligat,
2053 2136 2145 2187 suis
2184 2149 2330 2201 aequo

330 2207 652 2281 paucioribus
689 2205 1075 2279 'inspeiiionibus
1115 2207 1323 2259 nimium
1377 2205 1598 2262 tribuisse
1635 2215 1718 2280 qui
1754 2209 1842 2263 has
1874 2206 2134 2263 Vesiculas
2160 2219 2329 2278 partes

330 2282 427 2335 efle
460 2286 651 2333 int-erno
689 2284 816 2333 uteri
850 2277 1000 2347 oscuio
1028 2282 1278 2350 proprias,
1320 2280 1612 2345 affirmavit,
1650 2282 1753 2336 imo
1797 2287 1878 2352 qui
1909 2283 2105 2334 easdem
2138 2278 2327 2331 ordina-

328 2356 440 2419 rib,
477 2357 637 2423 inquit
657 2393 673 2419 ,
713 2354 783 2405 ad
811 2353 930 2404 duas
968 2354 1228 2404 dumtaxat
1252 2351 1414 2422 series
1451 2355 1705 2419 limitari,
1744 2354 1914 2426 easque
1950 2352 2228 2423 regulares,
2262 2348 2323 2409 ό·

325 2429 593 2498 parallelas
622 2469 634 2481 .
674 2428 772 2481 Sed
808 2428 921 2479 vide
955 2428 1185 2495 insuper„
1227 2427 1380 2494 quam
1416 2428 1573 2497 longe
1603 2429 1694 2481 alia
1727 2431 1878 2482 addat
1910 2426 1993 2481 Cl.
2025 2423 2327 2480 Nabothus:

329 2537 364 2564 2,
403 2503 466 2553 Et
502 2503 617 2553 licet
652 2504 874 2554 ovarium
910 2500 1009 2553 tale
1048 2498 1104 2551 sit
1140 2498 1350 2568 simplex
1381 2537 1397 2562 ,
1434 2500 1639 2554 subinde
1671 2502 1992 2555 nibilominus
2025 2503 2073 2552 in
2116 2501 2327 2551 circum-

335 2611 370 2637 „
406 2573 619 2625 ferentia
654 2575 856 2626 cervicis
888 2576 1079 2625 interna
1108 2571 1216 2624 fere
1250 2570 1392 2624 instar
1432 2573 1657 2626 binarum
1693 2574 2063 2627 arbuscularum
2096 2591 2211 2625 curn
2250 2588 2323 2621 ra-

329 2685 363 2710 „
402 2647 545 2700 mulis
595 2647 916 2715 expansarum
951 2683 968 2709 ,
1005 2661 1156 2714 atque
1201 2643 1442 2698 frustibus
1493 2647 1819 2716 conspicitur.
1859 2686 1893 2711 aa
1946 2647 2196 2714 Qinimo
2237 2642 2322 2697 Cl.

128 2736 298 2777 Zodia-c.
329 2720 430 2788 ipse
466 2718 717 2773 Novesius
752 2759 768 2782 ,
810 2721 891 2785 qui
930 2716 1041 2771 clim
1078 2721 1128 2770 in
1163 2717 1320 2770 tribus
1365 2718 1459 2772 illis
1496 2738 1606 2787 quae
1653 2720 1750 2774 hac
1793 2723 1857 2774 de
1895 2722 2032 2773 causa
2082 2720 2324 2771 scrutatus

84 2788 305 2859 Medfiail.
333 2791 431 2857 est,
474 2792 799 2845 cadaveribus
832 2809 1054 2845 extantes
1086 2790 1324 2844 vesiculas
1359 2809 1441 2845 aut
1473 2812 1571 2845 non
1602 2794 1870 2858 invenisse,
1910 2810 1995 2845 aut
2028 2811 2132 2845 non
2170 2788 2326 2843 curas-

85 2844 305 2932 g'bffifssfn'
334 2869 378 2919 se
411 2867 671 2929 videatur,
709 2866 923 2918 latentes
954 2863 1190 2917 vesiculas
1225 2868 1274 2915 in
1308 2868 1506 2918 uterino
1539 2866 1734 2921 tantum
1771 2869 1945 2922 osculo
1976 2868 2187 2931 indicat3
2221 2879 2323 2915 non

334 2938 443 2992 sane
477 2938 596 2990 duas
637 2937 744 2991 istas
767 2934 932 3006 series
967 2937 1218 3007 regulares
1239 2976 1255 3001 ,
1290 2934 1351 2996 &⁰
1374 2939 1642 3010 parallelas
1673 2942 1834 2994 innuit
1862 2978 1879 3003 ,
1921 2936 2032 2991 cum
2063 2976 2096 3001 Ὦ
2134 2936 2323 2989 medio-

332 3049 368 3076 „
407 3015 508 3076 cri,
542 3014 732 3080 inquit,
762 3009 886 3063 fafia
917 3011 1232 3078 expreffione
1263 3013 1483 3080 praediffi
1513 3011 1723 3075 orificii,
1757 3013 1884 3064 illius
1919 3010 2210 3064 membrana
2242 3025 2322 3059 ex-

346 3122 379 3149 „
417 3089 571 3138 terior
605 3088 750 3137 variis
784 3087 831 3135 in
866 3083 989 3135 locis
1018 3084 1322 3152 inaequaliter
1361 3083 1626 3155 turgebat.
1661 3121 1698 3148 a:
1750 3085 1849 3138 Sed
1881 3104 1947 3138 ne
1984 3084 2196 3138 aliorum
2231 3078 2318 3132 ob-

339 3160 640 3211 servationes
687 3175 896 3229 urgeam
936 3158 1020 3224 qui
1071 3161 1284 3228 propriis
1331 3158 1610 3223 abundem3
1652 3175 1753 3228 ego
1799 3158 1936 3211 certe
1976 3175 2030 3212 ut
2068 3171 2320 3224 nunquam

341 3233 545 3284 memini
582 3231 698 3282 duas
738 3231 844 3285 istas
881 3229 1140 3281 dumtaxat
1176 3228 1345 3299 firies
1381 3228 1629 3301 regulares
1659 3269 1677 3296 ,
1716 3229 1776 3292 ῤ’
1817 3232 2080 3304 parallelas
2111 3228 2318 3292 vidisse,

2186 3300 2254 3356 fic
