2576 3607
188 620 242 650 De
275 619 359 666 Epi..

132 669 304 712 glotildis

470 232 541 284 68
775 225 1452 301 ADVERSARJA
1516 229 1830 288 ANAT.
1878 230 1950 289 V.

560 384 1753 453 ANIMADVERSIO
1844 388 2180 457 XLVII.

554 549 676 603 Unc
704 553 839 603 enirn
883 549 1079 623 praestat
1124 549 1184 601 ad
1211 568 1294 602 20.
1327 552 1521 619 Figurae
1553 548 1892 606 defensionem
1929 554 2131 608 tranfire
2151 594 2162 607 .
2218 557 2272 609 In
2304 572 2366 608 ea

588 621 805 693 primum
835 662 869 687 ,,
906 622 1065 675 hiatus
1112 621 1223 672 illos
1274 623 1529 694 praecipue
1579 624 1822 693 majoreS‚
1861 628 1910 678 in
1941 629 2241 698 epiglottide
2273 644 2369 698 per

128 716 340 764 structura,
382 736 417 761 ,,
455 696 709 759 medium,
747 693 1014 748 secundum
1044 693 1413 762 longitudinem
1447 696 1675 764 disse6ffi3
1705 735 1738 761 ,,
1781 714 1908 765 quos
1940 717 2039 769 ego
2079 701 2216 768 certe?
2254 701 2373 763 vidi,

139 770 184 806 ὠ·
244 773 361 807 Glan—

136 818 228 857 dula
243 848 252 857 .

190 1973 307 2033 λό’-5

384 771 622 837 meusque
656 769 821 822 Pistor
857 784 958 836 ope
993 768 1164 819 circini
1204 766 1422 821 fideliter
1460 768 1746 841 descripsit;
1781 771 1926 836 illos,
1962 775 2196 842 inquam,
2234 771 2374 844 quasi

382 848 433 897 in
468 859 635 894 rerum
668 856 845 891 natura
878 839 1147 893 extitissent
1192 858 1444 911 nunquam
1467 881 1484 906 ,
1523 861 1629 897 tam
1666 845 1867 908 secure,
1904 862 2009 896 tarn
2058 847 2267 916 aperte,
2302 863 2372 898 at·-

383 933 483 985 que
515 909 644 964 adeo
677 912 946 964 omnimode
997 913 1267 985 repudiari,
1303 914 1575 986 plurimum
1622 921 1812 970 miror.
1854 920 2041 989 Neque
2092 921 2227 970 enim
2259 920 2371 972 satis

383 986 454 1039 est
489 985 727 1039 scribere:
765 1023 801 1050 ,,
836 987 912 1038 En
936 986 1156 1039 breviter
1189 1005 1297 1055 quae
1330 987 1388 1040 fit
1419 990 1732 1060 epiglottidis
1776 990 2010 1045 structura
2048 991 2072 1043 a
2105 990 2248 1045 nobis
2279 994 2370 1043 mi-

379 1097 413 1124 ,,
449 1058 692 1112 nutiffime
725 1063 1035 1129 examinata,
1064 1098 1098 1122 ,,
1136 1059 1239 1113 imo
1274 1078 1327 1113 ut
1360 1061 1462 1115 hoc
1507 1065 1665 1134 ipsum
1699 1064 1840 1116 scribi
1876 1064 1986 1133 jure
2021 1059 2255 1118 adversus
2284 1082 2370 1115 me

377 1133 554 1205 poffit,
593 1133 790 1185 necesse
820 1132 889 1186 est
920 1150 999 1186 tot
1034 1134 1406 1203 Epiglottides„
1444 1153 1570 1205 quot
1607 1156 1741 1208 ego,
1778 1139 2073 1201 minutiffim&
2090 1133 2367 1207 examinas·
2419 1150 2421 1152 ’

368 1204 433 1277 fi’
454 1247 465 1258 .
502 1206 613 1258 Tot
647 1209 729 1275 qui
764 1207 1007 1274 secuerit-7
1045 1206 1152 1259 imo
1187 1209 1341 1259 etiam
1373 1211 1454 1277 qui
1490 1208 1652 1263 multo
1685 1215 1943 1281 pauciores
1972 1213 2220 1272 secuerit,
2249 1229 2372 1263 eum

382 1299 486 1333 non
520 1279 665 1349 posse
711 1280 962 1344 scribere,
999 1297 1193 1332 certum
1240 1279 1335 1334 est:
1379 1319 1414 1345 ,,
1451 1280 1580 1334 hanc
1629 1283 1974 1353 cartilaginem
2012 1285 2235 1354 ejusdem
2269 1283 2374 1336 esse

383 1390 420 1418 ,,
453 1352 739 1422 ubicunque
773 1353 1023 1406 craffitiei.
1060 1391 1096 1417 ,,
1133 1354 1278 1421 Qid
1314 1356 1489 1408 enim?
1521 1357 1602 1408 An
1633 1377 1736 1410 non
1768 1377 1845 1409 ex.
1877 1375 1954 1427 gr.
1986 1362 2033 1410 in
2063 1359 2258 1410 summo
2289 1356 2374 1410 fie-

385 1428 430 1478 ri
459 1429 656 1478 tenuior
688 1427 855 1480 solet?
911 1431 991 1479 An
1021 1446 1123 1478 non
1170 1445 1253 1478 eas
1287 1427 1354 1480 ob
1387 1428 1556 1481 foveas
1612 1447 1733 1500 quas
1791 1449 1882 1483 nos
1910 1432 2059 1499 primi
2094 1431 2374 1498 pinximus‚

385 1515 542 1568 atque
571 1498 943 1569 descripsimuS,
963 1499 1136 1552 multis
1174 1503 1226 1551 in
1258 1499 1382 1553 locis
1419 1506 1755 1557 extenuatur?
1795 1504 1914 1556 Hoc
1945 1503 2051 1555 sane
2081 1505 2150 1553 ita
2190 1501 2374 1572 conspi-

387 1590 541 1625 cuum
571 1570 742 1634 esi-,ut
774 1575 858 1641 qui
895 1575 1124 1637 rradiu„
1142 1571 1269 1626 hanc
1310 1576 1905 1645 cartilaginemejusdem
1945 1577 2046 1628 esse
2084 1575 2374 1642 ubicunque

383 1683 417 1709 ,,
457 1643 708 1712 craffitiei3
744 1682 778 1709 ,,
812 1663 933 1697 mox
965 1647 1097 1698 idem
1131 1683 1167 1711 ,,
1211 1648 1274 1700 ad
1317 1648 1570 1703 sulcorum
1603 1653 1868 1721 regionem
1910 1644 2237 1719 gracilescere
2270 1664 2374 1700 car·

384 1757 418 1784 ,,
458 1717 752 1786 tilaginem,
788 1755 823 1780 ,,
860 1718 1109 1772 fateatur.
1201 1722 1302 1773 Sed
1338 1740 1397 1773 ut
1432 1724 1493 1775 ad
1527 1722 1687 1776 hiatus
1709 1724 1830 1776 ‘illos
1858 1724 2269 1789 redeam-‚neque
2303 1722 2376 1770 ita

385 1790 570 1843 multas
600 1791 940 1862 Epiglottides
973 1809 1102 1861 opus
1135 1788 1204 1844 est
1232 1794 1544 1858 secuisse.,ut
1577 1797 1874 1865 apertiffime
1892 1795 2236 1862 cognoscatur,
2252 1809 2376 1844 num

385 1863 634 1916 foramina
671 1860 849 1931 quibus
886 1882 945 1915 ea
987 1865 1228 1934 cartilago
1266 1869 1436 1934 pervia
1470 1866 1540 1918 est
1569 1906 1585 1930 ,
1636 1870 1701 1918 ita
1756 1866 1849 1918 fint
1885 1871 2099 1936 exigua„
2137 1883 2194 1917 ut
2219 1901 2253 1928 ,,
2290 1867 2374 1917 vix

384 1968 420 2000 ,,
455 1953 621 2006 parvae
652 1953 765 1986 acus
795 1939 986 2007 apicem
1025 1936 1285 1990 admittant
1316 1961 1328 2003 3
1389 1938 1664 2007 cunctaque
1704 1939 1915 1991 eandem
1954 1942 2152 1990 circiter
2192 1939 2374 2003 diame-

382 2048 422 2073 ,,
458 2026 595 2060 trum
627 2008 853 2060 servent.
889 2047 923 2072 ,,
962 2010 1086 2061 Sane
1115 2029 1216 2080 ego
1249 2010 1436 2063 nullam
1470 2015 1674 2065 memini
1707 2009 1978 2065 humanam
2014 2010 2373 2081 epiglottidem

387 2080 644 2148 aliquanto
700 2080 985 2149 diligentius
1023 2085 1243 2134 incidisse
1276 2121 1292 2143 ,
1345 2088 1394 2136 in
1435 2101 1533 2152 qua
1572 2085 1716 2152 plura
1763 2084 2008 2136 foramina
2047 2080 2210 2134 multo
2249 2080 2376 2146 istis,

386 2171 495 2224 quae
529 2154 627 2225 ipse
667 2152 874 2214 definit„
912 2151 1103 2221 majora
1135 2174 1233 2206 non
1274 2159 1555 2208 invenerim
1594 2194 1611 2217 ,
1650 2156 1701 2210 &
1733 2160 1789 2208 iis
1829 2161 1914 2227 qui
1943 2158 2185 2218 aderant,
2220 2155 2377 2208 Audi-

385 2225 608 2288 toribus,
648 2224 934 2292 Amicisque
969 2227 1080 2280 satis
1112 2228 1361 2298 superque
1399 2248 1499 2282 non
1541 2227 1874 2283 ostenderim.
1925 2233 2000 2284 Ex
2040 2227 2376 2299 quibus-eum

385 2296 687 2372 potiffimtim
718 2302 982 2352 nominare
1015 2299 1246 2362 interest,
1266 2318 1415 2371 quern
1445 2300 1613 2371 saepius
1646 2317 1835 2373 magno
1867 2305 1951 2355 suo
1983 2298 2166 2354 merito
2199 2300 2370 2364 laudo,

384 2377 625 2442 joannem
657 2371 906 2425 Polenum
940 2372 1276 2442 Philosophiae
1306 2374 1646 2426 Professorem
1667 2374 2156 2444 Experientissimum
2181 2414 2191 2424 .
2232 2374 2370 2425 Huic

386 2450 520 2497 enim
554 2449 602 2497 in
633 2445 944 2497 Nosocomio
978 2446 1216 2498 patavino
1247 2466 1347 2498 non
1394 2447 1553 2498 modo
1596 2448 1909 2516 epiglotticlis
1950 2446 2107 2498 hiatus
2147 2444 2371 2509 ostendi,

388 2518 559 2586 quales
593 2522 638 2569 in
669 2518 923 2587 superiore
940 2520 1135 2588 Figurae
1168 2538 1294 2570 meae
1328 2537 1471 2587 parte
1503 2536 1649 2571 meus
1681 2522 1883 2587 quidem
1917 2519 2196 2573 luculenter
2218 2517 2370 2581 (nam

385 2608 501 2642 tuus
533 2609 633 2642 non
664 2591 771 2641 satis
801 2592 820 2658 )
861 2591 1091 2659 Scalpror
1122 2590 1375 2654 exhibuit³
1415 2611 1515 2643 non
1546 2591 1704 2644 modo
1736 2593 1855 2645 alios
1889 2592 1983 2645 istis
2018 2591 2132 2662 ipfis
2165 2595 2235 2643 ita
2268 2610 2367 2644 ma-

383 2664 550 2734 jores,
587 2679 643 2713 ut
672 2681 762 2735 per
798 2682 886 2715 eos
920 2664 1188 2716 mediocris
1218 2683 1331 2716 acus
1365 2664 1502 2729 (non
1532 2664 1644 2717 dico
1679 2680 1802 2735 apex
1836 2670 1856 2735 )
1897 2666 2169 2737 capitulum
2204 2665 2364 2733 ipsum

386 2737 644 2788 transmitti
680 2737 873 2806 posset3
915 2752 1027 2789 nam
1063 2737 1185 2789 tales
1221 2754 1424 2807 quoque
1460 2738 1620 2790 hiatus
1652 2737 1770 2793 cuin
1803 2758 1966 2809 nuper
1981 2740 2093 2791 Viri
2131 2736 2362 2790 Praestan-

386 2809 577 2871 tissimi,
603 2824 751 2878 atque
782 2827 837 2862 ut
874 2810 1120 2879 praeclaris
1154 2814 1358 2880 Scriptis
1393 2811 1455 2862 de
1490 2811 1751 2875 omnibus,
1785 2815 1851 2864 ita
1884 2811 2118 2882 singulari
2153 2810 2366 2863 benevo-

386 2884 537 2934 lentia
572 2883 633 2934 de
669 2900 752 2934 me
791 2883 997 2954 egregie
1046 2887 1213 2936 meriti
1259 2884 1460 2952 Joannis
1498 2887 1722 2938 Gratiani
1757 2886 1985 2937 Primarii
2034 2883 2363 2953 Philosophiae

384 2955 676 3010 Professoris
707 2993 723 3017 ,
778 2973 887 3007 tum
925 2957 1112 3027 pluries
1160 2975 1396 3010 meorum
1427 2957 1531 3009 fere]
1586 2961 1814 3009 omnium
1847 2959 2154 3010 Auditorum
2206 2954 2364 3008 oculis

386 3028 594 3096 subjeci3
635 3028 715 3079 sed
753 3047 909 3079 unum
940 3046 1180 3099 praeterea
1224 3029 1488 3083 monstravi
1519 3029 1605 3081 illo
1641 3030 1746 3101 ipso
1785 3034 2001 3083 maximo
2042 3035 2125 3099 qni
2159 3035 2206 3082 in
2252 3044 2362 3078 mea

386 3103 575 3170 Figura
613 3101 940 3172 conspicitur,
978 3104 1061 3152 vix
1094 3105 1343 3154 minorem
1375 3142 1392 3166 ,
1443 3102 1642 3172 qualem
1681 3107 1831 3156 etiam
1866 3104 1979 3156 alias
2015 3101 2262 3155 nonnullis
2301 3116 2363 3150 ex

390 3177 509 3223 meis
540 3174 874 3226 Auditoribus
904 3172 1091 3226 ostendi
1124 3213 1141 3238 ,
1201 3175 1294 3227 hos
1332 3193 1534 3238 autem,
1589 3193 1645 3228 ut
1683 3177 1878 3247 semper
1915 3195 2121 3229 caeteros
2154 3189 2363 3232 omnesa

392 3242 567 3297 eadem
602 3245 896 3315 glandulosa
925 3245 1187 3301 substantia
1239 3248 1337 3322 qua
1386 3248 1689 3321 epiglottidis
1740 3268 1955 3322 utraque
1986 3249 2132 3322 facies
2164 3243 2365 3297 obducis

2183 3335 2297 3382 tur2>
