2501 3602
595 225 1418 303 AWJMADVERSJO
1499 234 1705 293 VJJJ.
2014 256 2051 307 9

389 376 1565 454 ANIMADVERSIO
1680 390 1905 461 VIII.

331 550 433 603 Uae
463 567 631 603 autem
662 550 725 602 de
757 551 899 605 Retis
927 550 1171 605 Mirabilis
1201 553 1427 623 origine,
1460 551 1512 607 8<
1545 553 1592 603 in
1623 549 1850 606 humanis
1895 559 2133 627 capitibus
2199 584 2339 642 305.

368 623 610 677 existentia
645 622 670 674 a
700 623 920 693 Ridleyo
943 624 1297 691 subjiciuntur,
1335 624 1737 690 vide,obsecro,
1774 643 1830 679 ut
1866 627 1927 679 ab
1960 632 2016 680 iis
2050 634 2134 683 dis-

364 713 602 767 crepent,
649 711 757 763 quae
807 698 856 747 in
887 694 1202 748 Bibliotheca
1230 699 1524 749 Anatomica
1555 716 1619 749 ex
1658 697 1842 751 eodem
1876 701 2135 770 proposita

165 767 273 820 sunt
328 770 467 821 initio
516 770 706 839 Capitis
751 768 919 819 VIII.
962 772 1045 836 qui
1085 769 1224 819 locus
1259 770 1490 821 videlicet
1542 768 1660 821 huic
1693 771 1809 823 loco
1838 772 2132 843 respondet.

165 838 236 890 Ibi
275 842 408 891 enim
441 842 504 893 de
530 842 681 897 Retis
718 837 968 893 existentia
1008 838 1229 910 primurn
1255 879 1271 903 ,
1311 858 1418 892 tum
1457 843 1519 894 de
1555 845 1750 913 origine
1786 843 1939 897 verba
1975 844 2133 914 facit3

164 910 248 963 hic
280 930 446 966 autem
485 923 686 964 contra:
726 911 778 965 &
808 914 944 979 quod
979 914 1178 981 gravius
1210 912 1311 973 est,
1348 913 1474 974 ibi„
1511 915 1635 966 Non
1681 914 1986 968 obstantibus
2011 955 2028 979 ,
2068 920 2136 969 in-

162 1022 196 1047 „
233 988 368 1053 quit,
399 983 714 1053 opinionibus
758 981 869 1034 cum
901 985 1264 1038 Recentiorum
1294 984 1555 1056 Wepferi,
1595 985 1781 1050 Willis,
1825 988 1876 1043 δε
1912 989 2138 1052 Vieusse÷

92 1061 94 1063 ’
160 1094 196 1120 „
235 1058 301 1107 nii
338 1055 713 1107 similiter-tum
751 1057 898 1107 etiam
944 1055 1050 1107 fere
1095 1057 1344 1109 Veterum
1386 1062 1578 1119 omniS,
1614 1058 1797 1111 scilicet
1838 1060 2096 1114 Vesalium
2113 1069 2135 1125 ,'

160 1165 195 1191 „
234 1126 477 1179 Columbi
521 1126 614 1182 &o
655 1130 768 1197 Ego
816 1145 988 1180 contra
1031 1127 1312 1196 hujusmodi
1346 1130 1481 1184 Rete
1532 1148 1627 1182 nec
1677 1131 1739 1185 ab
1777 1131 1881 1184 ullo
1932 1132 2137 1187 homine

159 1235 196 1263 „
234 1199 429 1263 abesse,
468 1218 561 1253 nee
608 1200 705 1252 ulla
754 1199 1042 1253 difficultate
1078 1200 1309 1252 laborare
1354 1200 1799 1259 manifestationem
1837 1204 1966 1255 illius
1992 1242 2010 1267 ,
2048 1224 2135 1258 un-

160 1309 193 1335 „
236 1288 385 1340 quam
417 1271 754 1342 deprehendi.
791 1309 825 1334 „
856 1271 940 1324 hic
967 1272 1091 1325 vero
1123 1312 1158 1336 „
1211 1272 1369 1328 Nullo
1404 1294 1506 1326 non
1538 1291 1810 1345 tempore,
1847 1278 2044 1343 inquit,
2082 1276 2135 1331 ὃζ

159 1381 195 1407 „
236 1346 439 1413 quidem
472 1344 650 1414 absque
683 1344 969 1398 difficultate
1000 1349 1046 1397 in
1077 1344 1360 1398 hominibus
1392 1347 1586 1417 semper
1603 1349 1768 1400 inveni
1788 1364 2132 1417 ,quamquam

163 1454 200 1479 „
237 1420 576 1481 recentiores,
615 1417 882 1486 Wepserus
904 1457 919 1481 ,
956 1417 1187 1473 Willisius
1221 1418 1272 1473 ἅτ
1300 1420 1352 1472 V
1355 1417 1647 1482 ieuflenius,
1684 1420 1779 1472 una
1810 1439 1924 1472 cum
1956 1423 2138 1473 veteri-'

164 1526 197 1551 „
236 1488 324 1540 bus
361 1492 671 1541 Anatornicis
710 1490 970 1552 omnibus,
1008 1509 1065 1544 ut
1103 1489 1328 1553 Vesano,
1369 1491 1628 1544 Columbo
1681 1492 1777 1547 &a
1829 1495 2136 1544 contrarium

162 1597 196 1623 aa
233 1563 472 1615 asserant.
508 1600 542 1628 „
571 1561 697 1615 Mihi
726 1563 836 1614 lane
868 1562 1031 1614 multo
1062 1562 1365 1616 verisimilius
1396 1564 1593 1617 videtur
1623 1563 1684 1615 ab
1717 1564 2009 1617 Dostissiino
2047 1565 2135 1614 Vi-

166 1651 226 1684 ro
257 1635 485 1703 scriptum
520 1636 619 1686 esse
636 1673 651 1698 ,
655 1635 775 1703 fere>
802 1643 1019 1688 Veterum
1048 1652 1238 1699 omnes,
1256 1640 1403 1704 quam
1434 1650 1626 1686 veteres
1643 1639 1941 1687 Anatomicos
1975 1652 2133 1686 omnes

169 1711 472 1759 contrarium
523 1709 803 1760 asseruisse.
856 1710 994 1760 Nam
1038 1725 1094 1759 ut
1130 1709 1301 1760 locum
1336 1708 1535 1763 Riolani
1564 1747 1580 1770 ,
1618 1726 1769 1777 quern
1804 1710 2135 1779 produximus

163 1779 340 1848 supra,
377 1780 578 1830 minime
611 1780 836 1842 vidisset,
869 1799 989 1832 num
1034 1780 1145 1831 loca
1182 1784 1333 1832 etiarn
1372 1780 1573 1833 Nicolai
1623 1782 1823 1843 Massae,
1863 1781 1914 1835 ἅν
1957 1781 2132 1849 Jacobi
2160 1803 2254 1845 vjd,
2288 1805 2376 1846 effi

168 1850 322 1919 Sylvii
356 1849 375 1913 (
409 1867 463 1901 ut
497 1851 616 1905 alios
651 1870 781 1903 nunc
811 1854 1044 1905 omittam
1074 1854 1096 1917 )
1138 1856 1220 1919 qui
1257 1853 1392 1904 idem
1430 1853 1562 1907 Rete
1602 1856 1648 1903 in
1687 1852 1890 1904 homine
1930 1870 2131 1915 extare,
2159 1855 2271 1906 apud
2307 1856 2380 1896 Ri-

169 1921 221 1975 &
265 1939 361 1990 qua
411 1926 601 1976 ratione
648 1926 825 1991 inquiri
875 1923 1090 1986 debeat,
1128 1924 1411 1987 tradidere,
1449 1924 1707 1977 hominem
1754 1926 2131 1977 eruditiffimum
2159 1907 2268 1996 gigan.
2294 1906 2377 1948 loc.

166 1995 445 2060 ignorasse,
482 1995 819 2047 censebimus?
860 1999 924 2048 Et
958 1996 1063 2047 haec
1098 1997 1329 2063 quidem,
1351 1995 1463 2048 cuin
1495 1997 1691 2065 anglico
1725 1997 1931 2064 Ridleyi
1968 2016 2131 2049 exem-

166 2066 292 2135 plari
326 2083 555 2126 caream,
594 2085 692 2116 non
725 2066 808 2116 nisi
841 2084 932 2133 per
966 2066 1301 2128 coniesturam
1334 2071 1553 2134 attingo.
1653 2069 1705 2116 In
1740 2086 1797 2117 ea
1830 2068 1983 2128 vero,
2020 2085 2128 2136 quae

169 2137 232 2187 de
267 2135 509 2188 Glandula
547 2138 799 2188 pituitaria
837 2157 898 2189 ex
926 2137 1175 2190 Praeclaro
1209 2141 1513 2189 Anatomico
1552 2138 1711 2188 Litrio
1747 2140 1797 2188 in
1835 2139 2127 2191 Adnotatio-
2212 2161 2325 2206 307

168 2228 230 2260 ne
264 2209 480 2276 quadam
510 2208 726 2276 subjicis,
765 2229 865 2261 non
903 2229 1003 2279 ego
1036 2208 1227 2271 modo,
1257 2210 1336 2260 sed
1370 2212 1654 2277 quicunque
1690 2209 2126 2264 Coimnentarium
2154 2216 2380 2276 Memoires

167 2281 295 2332 illius
332 2281 879 2343 consulent,affirmare
917 2302 1016 2334 non
1049 2281 1381 2343 dubitabunt,
1413 2282 1639 2350 quaedam
1676 2280 1736 2332 ab
1774 2282 2004 2335 Austoris
2032 2286 2126 2337 sen-
2154 2265 2377 2357 {eidffffi

164 2356 321 2404 tentia
360 2353 515 2406 aliena
549 2355 670 2405 vitio
703 2372 879 2407 eorum
930 2353 1179 2425 irrepsisse
1207 2393 1224 2416 ,
1262 2370 1480 2423 quorum
1513 2352 1668 2424 opera
1716 2356 1766 2405 in
1803 2353 1929 2406 illius
1968 2357 2127 2408 verbis
2156 2371 2205 2407 Α.
2240 2382 2347 2414 1707.

161 2425 312 2477 latine
344 2426 606 2478 reddendis
646 2429 754 2478 usus
793 2446 844 2477 es
867 2466 877 2478 .
930 2430 1115 2497 Neque
1153 2428 1286 2479 enim
1333 2428 1540 2479 credere
1577 2442 1795 2493 unquam
1833 2427 2038 2495 p-offim,
2077 2446 2129 2482 te

166 2498 351 2567 linguae
384 2498 571 2565 gallicae
616 2499 956 2569 peritiffimum
994 2521 1092 2553 non
1138 2499 1464 2562 intellexisse,
1503 2517 1611 2568 quae
1649 2499 1992 2551 laudatissimus
2030 2503 2132 2553 Au-

167 2569 273 2621 &or
303 2570 466 2622 scribit
501 2572 564 2623 de
596 2572 869 2640 parte,seu
910 2576 1061 2625 mavis
1091 2573 1269 2625 lamina
1304 2574 1456 2625 Durae
1487 2573 1735 2640 Meningis
1763 2571 1995 2624 inferiore
2032 2574 2131 2625 Sel-

166 2641 266 2690 lam
300 2643 538 2708 Equinam
572 2643 892 2706 investiente,
928 2646 985 2697 ad
1018 2644 1150 2697 hunc
1179 2644 1283 2696 fere
1313 2646 1521 2696 modum
1556 2647 1681 2695 verti
1716 2643 1963 2696 debuisse:
1996 2682 2031 2707 „
2060 2647 2131 2697 In-

166 2748 199 2774 „
234 2711 390 2762 ferior
431 2715 690 2764 cavitatem
724 2716 916 2766 investit
944 2753 960 2775 ,
998 2717 1187 2768 inferna
1220 2716 1347 2766 facie
1385 2716 1471 2768 offi
1510 2714 1760 2777 adhaeret,
1799 2717 2003 2783 stiperna
2039 2715 2129 2766 fos-

172 2821 207 2846 „
242 2783 393 2835 sulam
432 2783 612 2847 efficit,
652 2801 802 2851 atque
841 2788 968 2837 intra
1007 2788 1137 2837 suam
1179 2788 1467 2847 craffitiem,
1509 2787 1570 2836 ad
1609 2790 1825 2837 cavitatis
1878 2787 2129 2849 medium,

237 2857 409 2907 Sinum
445 2855 673 2908 efformat
708 2860 923 2924 quinque
961 2857 1110 2908 lineas
1140 2857 1376 2925 longum,
1417 2876 1564 2907 unam
1595 2857 1783 2918 latum,
1816 2859 1863 2908 in
1895 2859 2128 2911 transver-

167 2965 201 2990 „
239 2929 370 2995 surm
412 2926 447 2978 fi
485 2928 669 2997 {pestes
707 2931 878 2997 capitis
911 2929 1158 2996 figuram,
1198 2926 1446 2997 positum,
1484 2946 1633 2997 quem
1670 2945 1944 2999 propterea
1983 2930 2130 2982 trans-

167 3038 201 3063 „
240 3000 473 3052 versalem
504 3000 837 3070 nuncupabo.
910 3000 1099 3053 Fossula
1137 3017 1304 3051 autem
1343 3003 1392 3051 in
1427 3000 1699 3070 posteriore
1736 3000 1860 3052 sellae
1891 3018 2035 3071 parte
2076 3000 2132 3054 fi-

243 3090 287 3124 ta
322 3072 416 3125 est:
472 3071 576 3137 ejus
618 3077 896 3143 marginum
941 3073 1093 3124 latera
1131 3071 1354 3143 pluribus
1390 3071 1694 3125 foraminulis
1728 3074 2126 3141 pertunduntur,

170 3161 390 3214 „Latque
441 3147 535 3213 ipsa
581 3145 840 3212 aliquando
889 3163 978 3215 per
1022 3163 1173 3197 unum
1199 3182 1215 3206 ,
1243 3145 1321 3196 vel
1355 3145 1565 3197 alterurn
1613 3142 1743 3195 aliud
1774 3142 2128 3198 foraminulum

169 3253 201 3277 γ,
241 3235 351 3269 curn
386 3220 539 3271 Durae
578 3218 753 3271 Matris
786 3220 905 3271 Sinu
943 3219 1308 3279 communicat,
1346 3219 1428 3283 qui
1461 3234 1595 3288 pone
1631 3213 2130 3342 apophyfimdclinoi-

1320 3291 1361 3339 B
1867 3326 1903 3355 a)
1975 3307 2056 3346 em

168 2893 200 2918 Ὺ)

166 3110 199 3135 ³)
