2576 3607
497 253 574 301 26
805 236 1466 313 ADVERSARJA
1511 237 1830 296 ΑἭΑΤ.
1881 233 1956 295 V.

389 352 532 405 'rems
568 346 839 402 Fasciculus
871 365 1072 413 autem,
1111 351 1159 401 in
1200 365 1351 413 quem
1391 342 1522 398 arete
1552 344 1696 415 supra
1737 343 1889 398 basim
1945 344 2114 398 cordis
2150 340 2376 398 arteriofi

388 426 558 477 trunci
589 422 986 493 colligebantur„
1026 440 1121 491 qua
1156 418 1276 474 effer
1307 418 1655 487 longitudine,
1694 417 1745 474 ὃς
1775 417 1966 490 singula
2001 420 2108 473 vasa
2147 435 2243 488 qua
2277 419 2376 470 dia-

389 515 590 564 metm,
629 495 760 549 haud
806 497 914 548 satis
961 497 1135 549 videor
1180 489 1485 545 rneminiffe.
1526 489 1650 542 Illud
1685 490 1809 546 vero
1859 493 2093 562 praeclare
2133 493 2374 554 memini,

389 572 585 625 nullum
619 570 759 622 certe
791 570 1041 622 orificium
1071 564 1209 618 fuille
1243 582 1334 635 per
1386 563 1524 632 quod
1562 579 1647 614 aut
1681 561 1866 618 sinister
1898 567 2205 619 ventriculus
2235 567 2374 617 emit-

388 661 500 697 tere
535 662 765 696 cruorem
800 643 994 713 posset,
1033 637 1117 690 nifi
1148 641 1395 692 Foramen
1431 636 1550 688 illud
1604 634 1848 704 posterius
1875 675 1892 699 ,
1930 657 2015 690 aut
2044 638 2375 693 intermedius

391 721 659 788 excipere,
697 712 782 767 nifi
812 714 936 767 illud
973 712 1187 763 alterum
1240 713 1491 773 anterius,
1531 726 1624 781 per
1658 726 1768 778 quae
1802 710 2037 762 videlicet
2069 711 2258 784 singula
2292 710 2377 763 fin-

392 791 538 861 gulos
573 789 720 840 hosce
749 785 1054 838 ventriculos
1087 803 1204 836 cum
1236 785 1417 836 dextro
1451 786 1857 847 commonicare,
1897 786 2169 853 proposui.
2244 785 2379 852 Qiae

391 862 502 915 cum
536 864 600 913 ita
633 861 827 923 essent,
866 862 1047 931 agnovi
1076 857 1252 921 facile,
1288 859 1573 927 sangninem
1609 874 1715 908 tum
1753 856 1814 909 ab
1860 858 2087 910 universo
2122 875 2372 927 corpore,

390 952 499 986 tum
547 932 574 983 a
621 932 946 1002 pulmonibus
993 931 1325 994 redeuntem,
1363 931 1502 982 illum
1557 931 1760 999 quidem
1808 949 1902 999 per
1947 930 2219 982 auriculam
2263 931 2378 982 dex-

388 1023 547 1058 teram
580 1006 897 1070 immediate,
940 1005 1073 1058 hunc
1118 1004 1242 1057 vero
1291 1022 1383 1077 per
1418 1000 1686 1066 sinistram,
1723 1003 2099 1074 subjectumque
2137 1002 2379 1057 sinistrum

387 1079 756 1141 ventriculum,
794 1098 999 1131 omnem
1037 1080 1252 1146 denique
1282 1083 1330 1130 in
1378 1078 1612 1129 dextrum
1659 1077 1931 1148 compelli,
1970 1095 2024 1130 ut
2063 1077 2124 1129 ab
2156 1074 2290 1139 hoe,
2328 1075 2380 1132 δέ

392 1157 795 1206 communicante
825 1153 1130 1205 intermedio
1165 1169 1273 1203 tum
1309 1155 1359 1203 in
1395 1168 1577 1222 corpus
1609 1155 1919 1214 universum,
1957 1169 2065 1202 tum
2098 1154 2145 1204 in
2181 1151 2380 1221 pulmo-

389 1246 478 1279 nes
514 1227 829 1296 propellatur
855 1247 870 1276 .-
895 1242 1048 1292 atque
1080 1222 1196 1275 ideo
1230 1221 1468 1280 sinistrum
1499 1224 1829 1277 ventriculum
1864 1223 1997 1289 quali
2022 1224 2237 1276 alteram
2274 1224 2380 1276 esse

395 1299 668 1351 auriculam
688 1299 865 1350 dextro
886 1299 1101 1351 additam
1119 1297 1511 1361 ,intermedium
1531 1314 1697 1349 autem
1721 1298 2049 1368 appendicem
2075 1299 2174 1350 esse
2201 1298 2381 1359 dextri,

392 1373 626 1425 dextrum
659 1370 783 1424 Vero
822 1374 1036 1424 eundem
1077 1372 1177 1423 esse
1208 1371 1424 1434 denique
1459 1388 1610 1439 atque
1641 1371 1783 1423 illum
1820 1375 1901 1439 qui
1929 1374 1977 1424 in
2008 1370 2216 1441 piscibus
2251 1387 2380 1421 unus

388 1445 511 1497 solet
542 1444 846 1501 ventriculus
880 1448 1084 1497 inveniri
1105 1483 1120 1508 ,
1141 1444 1220 1496 {ed
1240 1448 1284 1495 in
1323 1447 1506 1496 marina
1544 1446 1678 1496 certe
1709 1443 1953 1496 testudine
1986 1446 2045 1497 ad
2081 1460 2382 1513 promoven-

390 1520 511 1571 dum
547 1520 735 1570 cruoris
770 1521 1032 1570 circuitum
1067 1517 1330 1580 multiplici
1361 1534 1471 1574 tum
1513 1519 1919 1581 comminuente,
1959 1534 2065 1571 tum
2099 1514 2381 1587 propellen-

389 1609 441 1643 te
474 1589 700 1644 machina
746 1591 1009 1645 adaufflum
1035 1632 1046 1643 .
1085 1593 1138 1643 In
1181 1594 1404 1653 marina,
1441 1594 1675 1659 inquam,
1716 1589 1984 1658 testudine,
2022 1609 2140 1644 narn
2194 1587 2283 1642 etsi
2331 1590 2381 1641 in

391 1663 610 1717 terrestri
654 1665 1059 1718 ventriculorum
1107 1668 1655 1736 communicationem,
1696 1666 1746 1715 in
1796 1661 2021 1717 fluviatili
2071 1681 2240 1717 autem
2279 1671 2384 1714 tres‘

389 1737 730 1808 ventriculos,
768 1754 822 1789 ut
854 1740 902 1789 in
938 1741 1158 1800 marina,
1180 1736 1436 1807 dispositos
1468 1737 1591 1788 mihi
1631 1738 1748 1789 alias
1786 1738 1960 1790 videre
1993 1738 2118 1791 visus
2140 1737 2273 1804 sum3
2313 1734 2381 1786 ob

391 1828 564 1863 earum
599 1827 771 1862 tamen
823 1812 1048 1862 cordium
1095 1815 1425 1882 parvitatem,
1463 1810 1514 1865 ὅ(
1560 1808 1721 1861 minus
1768 1826 2089 1872 accuratam,
2126 1825 2183 1860 ut
2236 1811 2287 1861 in
2316 1827 2381 1860 eo

394 1886 476 1952 qui
515 1883 574 1933 ad
606 1883 694 1934 alia
726 1883 1064 1954 properabat,
1101 1882 1497 1935 observationem
1532 1883 1577 1933 id
1613 1900 1706 1952 pro
1741 1899 1881 1933 certo
1923 1885 1972 1934 in
2026 1883 2277 1954 praesentia
2309 1881 2371 1932 as-

393 1956 600 2008 firmare
634 1971 950 2023 nequaquam
981 1957 1176 2027 possem
1197 1995 1207 2006 .
1248 1956 1345 2007 Sed
1377 1972 1433 2006 ut
1467 1955 1525 2006 ad
1546 1960 1786 2007 marinam
1826 1955 2118 2007 testudinem
2154 1955 2380 2018 redeam,

394 2025 482 2079 etfi
519 2026 653 2079 haud
689 2027 882 2085 difficile
915 2032 1129 2099 agnovi,
1168 2030 1455 2098 sanguinem
1491 2047 1552 2079 ex
1591 2027 1779 2080 sinistro
1796 2028 2077 2079 ventriculo
2113 2045 2203 2098 per
2233 2029 2380 2079 Fora·

394 2119 511 2152 men
542 2100 664 2154 illud
700 2099 941 2170 posterius
973 2105 1020 2153 in
1052 2102 1285 2152 dextrum
1320 2100 1582 2169 compelli,
1624 2119 1726 2152 non
1759 2117 1927 2152 tamen
1958 2099 2097 2152 facile
2133 2099 2375 2164 intellexi,

395 2170 484 2242 qui
514 2176 701 2243 pariter
749 2193 811 2224 ex
860 2172 1041 2226 finistra
1085 2176 1265 2231 ‚Foetus
1298 2172 1514 2229 auricula
1547 2190 1640 2242 per
1689 2172 1856 2225 Ovale
1901 2176 2146 2226 Foramen
2181 2175 2232 2224 in
2265 2173 2384 2226 dex-

394 2264 523 2297 tram
558 2246 702 2316 possit
733 2247 1024 2298 transmitti.
1068 2247 1233 2300 Ovale
1267 2247 1399 2297 enim
1418 2248 1667 2298 Foramen
1705 2246 1890 2316 aparte
1923 2246 2154 2303 auriculae
2188 2244 2383 2300 finistrae

395 2319 636 2388 ejusmodi
669 2319 860 2374 valvula
892 2319 1175 2382 instruitur,
1216 2337 1325 2388 quae
1359 2317 1410 2372 &
1440 2320 1592 2386 ipsum
1626 2317 1885 2371 obducere
1921 2336 2087 2371 totum
2119 2319 2294 2389 poffit,
2330 2319 2384 2373 &

398 2390 509 2443 cum
543 2392 762 2446 auricula
795 2395 841 2445 se
879 2390 1162 2458 contrahit,
1198 2397 1245 2445 vi
1286 2390 1532 2461 compulsi
1582 2392 1811 2447 deorsum
1861 2395 2079 2457 cruoriS,
2121 2392 2305 2443 sursum
2346 2388 2374 2443 a

397 2463 639 2518 foramine
676 2465 851 2518 abduci
882 2482 1128 2536 nequeat.

592 2608 1789 2678 ANIMADVERSIO
1883 2611 2182 2679 XVIII.

561 2749 714 2804 Erum
746 2751 819 2804 his
851 2753 1024 2816 miffis,
1065 2752 1128 2804 εό
1161 2773 1291 2807 nunc
1322 2770 1663 2817 revertamur,
1703 2755 1795 2806 Vir
1830 2755 1910 2808 Cl.
1942 2772 1997 2807 ut
2030 2754 2119 2808 alia
2153 2751 2378 2824 quaedam

595 2825 792 2878 Lovveri
825 2826 935 2878 loca
970 2827 1281 2890 indicemus,
1311 2844 1419 2896 quae
1442 2847 1541 2880 non
1574 2823 1735 2881 mimis
1774 2846 1830 2879 ac
1862 2831 2051 2897 primus
2084 2828 2169 2878 ille
2209 2825 2271 2877 de
2289 2826 2397 2876 Pet«

393 2898 641 2960 ricardio,
681 2899 893 2968 aliquam
928 2898 953 2950 a
985 2916 1035 2950 te
1067 2900 1317 2955 Notulam
1350 2898 1693 2970 postulabant.
1734 2903 1854 2953 Huc
1886 2900 2021 2953 certe
2061 2895 2377 2971 pertinetzli-

202 2978 330 3038 198,
395 2985 604 3037 quorem
637 2971 919 3024 seminalem
962 2972 986 3024 a
1037 2974 1321 3027 cicatricula
1353 3011 1387 3037 „
1427 2973 1771 3041 compulsum,
1813 2976 1999 3024 exitum
2041 2984 2380 3042 quaerentem,

390 3077 422 3103 2,
461 3046 591 3095 viam
630 3042 715 3095 sibi
746 3043 917 3102 facere
949 3061 1098 3112 atque
1120 3046 1346 3098 canalem
1380 3046 1694 3116 procudere3
1737 3061 1887 3113 atque
1925 3046 1982 3096 ad
2006 3043 2138 3099 hunc
2171 3040 2377 3094 modum

392 3149 426 3174 a>
464 3117 563 3183 ipsa
591 3119 704 3169 Vitae
739 3116 911 3170 nostrae
945 3118 1253 3185 primordia,
1291 3119 1342 3174 ὅ(
1373 3121 1594 3189 corporis
1633 3115 1834 3169 stamina
1867 3135 2038 3169 ortum
2102 3120 2284 3168 ducere
2314 3114 2379 3163 vi-

196 3184 327 3229 199·
390 3220 424 3244 >a
465 3188 601 3240 deri:
633 3226 666 3251 „
747 3191 857 3243 Cor
885 3228 918 3254 „
957 3206 1059 3259 prae
1091 3193 1281 3242 caeteris
1315 3208 1540 3261 corporis
1575 3189 1812 3241 membris
1852 3190 2018 3242 calore
2060 3189 2218 3254 magis
2252 3219 2267 3225 -
2299 3202 2377 3235 ve-

174 3243 241 3289 'Dc
266 3245 368 3282 Mot.

152 3292 330 3332 Animal.
390 3292 424 3318 2,
463 3258 585 3325 get&
620 3262 869 3330 donari3„
907 3280 1008 3333 quo
1039 3264 1089 3314 in
1125 3263 1241 3316 loco
1268 3266 1347 3334 jo.
1384 3261 1626 3334 Alphonfi
1665 3262 1853 3315 Borelli
1888 3262 2189 3315 contrarium
2232 3274 2378 3325 expe-

152 3347 368 3391 P.2.Pr.96.

2128 3333 2165 3383 ri
2175 3348 2305 3382 menn
