<?xml version="1.0" encoding="UTF-8"?>
<!DOCTYPE html PUBLIC "-//W3C//DTD XHTML 1.0 Transitional//EN"
    "http://www.w3.org/TR/xhtml1/DTD/xhtml1-transitional.dtd">
<html xmlns="http://www.w3.org/1999/xhtml" xml:lang="en" lang="en">
 <head>
  <title>
</title>
<meta http-equiv="Content-Type" content="text/html;charset=utf-8" />
  <meta name='ocr-system' content='tesseract 3.04.00' />
  <meta name='ocr-capabilities' content='ocr_page ocr_carea ocr_par ocr_line ocrx_word'/>
</head>
<body>
  <div class='ocr_page' id='page_1' title='image "adversariaanatom00morg_0082.png"; bbox 0 0 2576 3607; ppageno 0'>
   <div class='ocr_carea' id='block_1_1' title="bbox 91 753 307 795">
    <p class='ocr_par' dir='ltr' id='par_1_1' title="bbox 91 753 307 795">
     <span class='ocr_line' id='line_1_1' title="bbox 91 753 307 795; baseline 0.005 -1"><span class='ocrx_word' id='word_1_1' title='bbox 91 753 262 795; x_wconf 81' lang='lat' dir='ltr'>Advers.</span> <span class='ocrx_word' id='word_1_2' title='bbox 273 757 307 795; x_wconf 90' lang='grc' dir='ltr'>Ι.</span> 
     </span>
    </p>
   </div>
   <div class='ocr_carea' id='block_1_2' title="bbox 426 202 1933 281">
    <p class='ocr_par' dir='ltr' id='par_1_2' title="bbox 426 202 1933 281">
     <span class='ocr_line' id='line_1_2' title="bbox 426 202 1933 281; baseline -0.005 -11"><span class='ocrx_word' id='word_1_3' title='bbox 426 227 503 270; x_wconf 83' lang='lat'>62.</span> <span class='ocrx_word' id='word_1_4' title='bbox 709 203 1368 281; x_wconf 65' lang='lat' dir='ltr'><em>ADVERSARJA</em></span> <span class='ocrx_word' id='word_1_5' title='bbox 1435 202 1748 260; x_wconf 60' lang='lat' dir='ltr'><em>AWAT.</em></span> <span class='ocrx_word' id='word_1_6' title='bbox 1816 202 1933 262; x_wconf 80' lang='lat' dir='ltr'>JV.</span> 
     </span>
    </p>
   </div>
   <div class='ocr_carea' id='block_1_3' title="bbox 332 309 2333 822">
    <p class='ocr_par' dir='ltr' id='par_1_3' title="bbox 332 309 2333 822">
     <span class='ocr_line' id='line_1_3' title="bbox 332 309 2327 386; baseline -0.003 -16"><span class='ocrx_word' id='word_1_7' title='bbox 332 356 367 384; x_wconf 84' lang='lat'><strong>„</strong></span> <span class='ocrx_word' id='word_1_8' title='bbox 404 314 659 370; x_wconf 84' lang='lat' dir='ltr'>raminulis</span> <span class='ocrx_word' id='word_1_9' title='bbox 689 315 1030 386; x_wconf 82' lang='lat' dir='ltr'><strong>prodeuntem</strong></span> <span class='ocrx_word' id='word_1_10' title='bbox 1059 313 1244 366; x_wconf 81' lang='lat' dir='ltr'>intueri</span> <span class='ocrx_word' id='word_1_11' title='bbox 1275 351 1292 377; x_wconf 90' lang='lat'>,</span> <span class='ocrx_word' id='word_1_12' title='bbox 1344 328 1402 362; x_wconf 89' lang='lat' dir='ltr'>ut</span> <span class='ocrx_word' id='word_1_13' title='bbox 1455 310 1621 381; x_wconf 81' lang='lat' dir='ltr'>placet</span> <span class='ocrx_word' id='word_1_14' title='bbox 1671 313 1786 366; x_wconf 79' lang='lat' dir='ltr'>clar.</span> <span class='ocrx_word' id='word_1_15' title='bbox 1837 310 2084 364; x_wconf 87' lang='lat' dir='ltr'>Authori.</span> <span class='ocrx_word' id='word_1_16' title='bbox 2123 346 2157 373; x_wconf 86' lang='lat'>„</span> <span class='ocrx_word' id='word_1_17' title='bbox 2196 309 2327 365; x_wconf 83' lang='lat' dir='ltr'>Haec</span> 
     </span>
     <span class='ocr_line' id='line_1_4' title="bbox 333 383 2329 460; baseline -0.004 -16"><span class='ocrx_word' id='word_1_18' title='bbox 333 393 467 444; x_wconf 86' lang='lat' dir='ltr'>enim</span> <span class='ocrx_word' id='word_1_19' title='bbox 500 407 557 443; x_wconf 91' lang='lat' dir='ltr'>ut</span> <span class='ocrx_word' id='word_1_20' title='bbox 604 408 705 460; x_wconf 83' lang='lat' dir='ltr'>ego</span> <span class='ocrx_word' id='word_1_21' title='bbox 751 387 842 459; x_wconf 73' lang='lat' dir='ltr'>ipsi</span> <span class='ocrx_word' id='word_1_22' title='bbox 879 387 1022 440; x_wconf 73' lang='lat' dir='ltr'>facile</span> <span class='ocrx_word' id='word_1_23' title='bbox 1077 387 1277 452; x_wconf 81' lang='lat' dir='ltr'>credo·⁷</span> <span class='ocrx_word' id='word_1_24' title='bbox 1330 383 1398 436; x_wconf 89' lang='lat' dir='ltr'>fic</span> <span class='ocrx_word' id='word_1_25' title='bbox 1449 383 1651 436; x_wconf 85' lang='lat' dir='ltr'>viciffim</span> <span class='ocrx_word' id='word_1_26' title='bbox 1699 383 1823 438; x_wconf 87' lang='lat' dir='ltr'>mihi</span> <span class='ocrx_word' id='word_1_27' title='bbox 1876 386 2031 455; x_wconf 89' lang='lat' dir='ltr'>ipsum</span> <span class='ocrx_word' id='word_1_28' title='bbox 2084 383 2329 449; x_wconf 82' lang='lat' dir='ltr'>credere,</span> 
     </span>
     <span class='ocr_line' id='line_1_5' title="bbox 334 456 2329 534; baseline -0.004 -19"><span class='ocrx_word' id='word_1_29' title='bbox 334 480 532 534; x_wconf 81' lang='lat' dir='ltr'>aequum</span> <span class='ocrx_word' id='word_1_30' title='bbox 567 461 766 526; x_wconf 89' lang='lat' dir='ltr'>est,me</span> <span class='ocrx_word' id='word_1_31' title='bbox 801 464 952 514; x_wconf 87' lang='lat' dir='ltr'>toties</span> <span class='ocrx_word' id='word_1_32' title='bbox 974 461 1152 523; x_wconf 83' lang='lat' dir='ltr'>,etiam</span> <span class='ocrx_word' id='word_1_33' title='bbox 1184 457 1294 530; x_wconf 84' lang='lat' dir='ltr'>post</span> <span class='ocrx_word' id='word_1_34' title='bbox 1326 458 1494 508; x_wconf 84' lang='lat' dir='ltr'>Prima</span> <span class='ocrx_word' id='word_1_35' title='bbox 1533 456 1667 507; x_wconf 88' lang='lat' dir='ltr'>edita</span> <span class='ocrx_word' id='word_1_36' title='bbox 1699 460 1993 511; x_wconf 83' lang='lat' dir='ltr'>Adversaria</span> <span class='ocrx_word' id='word_1_37' title='bbox 2013 496 2030 522; x_wconf 92' lang='lat'>,</span> <span class='ocrx_word' id='word_1_38' title='bbox 2050 456 2129 511; x_wconf 85' lang='lat' dir='ltr'>ista</span> <span class='ocrx_word' id='word_1_39' title='bbox 2159 459 2329 511; x_wconf 88' lang='lat' dir='ltr'>omnia</span> 
     </span>
     <span class='ocr_line' id='line_1_6' title="bbox 334 530 2331 601; baseline -0.004 -11"><span class='ocrx_word' id='word_1_40' title='bbox 334 556 437 590; x_wconf 86' lang='lat' dir='ltr'>non</span> <span class='ocrx_word' id='word_1_41' title='bbox 472 535 630 589; x_wconf 70' lang='lat' dir='ltr'>modo</span> <span class='ocrx_word' id='word_1_42' title='bbox 663 532 863 598; x_wconf 74' lang='lat' dir='ltr'>vidisse,</span> <span class='ocrx_word' id='word_1_43' title='bbox 900 534 980 588; x_wconf 87' lang='lat' dir='ltr'>sed</span> <span class='ocrx_word' id='word_1_44' title='bbox 1015 533 1069 587; x_wconf 70' lang='lat' dir='ltr'>Sc</span> <span class='ocrx_word' id='word_1_45' title='bbox 1101 535 1157 582; x_wconf 80' lang='lat' dir='ltr'>iis</span> <span class='ocrx_word' id='word_1_46' title='bbox 1193 535 1277 601; x_wconf 90' lang='lat' dir='ltr'>qui</span> <span class='ocrx_word' id='word_1_47' title='bbox 1316 530 1521 582; x_wconf 82' lang='lat' dir='ltr'>aderant</span> <span class='ocrx_word' id='word_1_48' title='bbox 1559 566 1576 591; x_wconf 91' lang='lat'>,</span> <span class='ocrx_word' id='word_1_49' title='bbox 1612 531 1802 584; x_wconf 83' lang='lat' dir='ltr'><strong>Amicis</strong></span> <span class='ocrx_word' id='word_1_50' title='bbox 1835 569 1851 595; x_wconf 92' lang='lat'>,</span> <span class='ocrx_word' id='word_1_51' title='bbox 1891 548 2039 601; x_wconf 83' lang='lat' dir='ltr'>atque</span> <span class='ocrx_word' id='word_1_52' title='bbox 2075 530 2331 584; x_wconf 82' lang='lat' dir='ltr'>Auditori·</span> 
     </span>
     <span class='ocr_line' id='line_1_7' title="bbox 336 603 2326 672; baseline -0.004 -9"><span class='ocrx_word' id='word_1_53' title='bbox 336 610 427 663; x_wconf 86' lang='lat' dir='ltr'>bus</span> <span class='ocrx_word' id='word_1_54' title='bbox 453 606 712 663; x_wconf 76' lang='lat' dir='ltr'>ostendisse</span> <span class='ocrx_word' id='word_1_55' title='bbox 741 647 758 672; x_wconf 90' lang='lat'>,</span> <span class='ocrx_word' id='word_1_56' title='bbox 795 625 852 660; x_wconf 88' lang='lat' dir='ltr'>ut</span> <span class='ocrx_word' id='word_1_57' title='bbox 886 609 946 659; x_wconf 83' lang='lat' dir='ltr'>ad</span> <span class='ocrx_word' id='word_1_58' title='bbox 980 605 1265 657; x_wconf 87' lang='lat' dir='ltr'>faciendam</span> <span class='ocrx_word' id='word_1_59' title='bbox 1305 603 1462 656; x_wconf 83' lang='lat' dir='ltr'>fidem</span> <span class='ocrx_word' id='word_1_60' title='bbox 1499 603 1705 655; x_wconf 69' lang='lat' dir='ltr'>minime</span> <span class='ocrx_word' id='word_1_61' title='bbox 1747 604 2072 657; x_wconf 70' lang='lat' dir='ltr'>necessarium</span> <span class='ocrx_word' id='word_1_62' title='bbox 2102 604 2326 672; x_wconf 89' lang='lat' dir='ltr'>judicem</span> 
     </span>
     <span class='ocr_line' id='line_1_8' title="bbox 337 675 2333 747; baseline -0.004 -11"><span class='ocrx_word' id='word_1_63' title='bbox 337 684 524 736; x_wconf 84' lang='lat' dir='ltr'>docere</span> <span class='ocrx_word' id='word_1_64' title='bbox 555 686 771 742; x_wconf 87' lang='lat' dir='ltr'>iterum,</span> <span class='ocrx_word' id='word_1_65' title='bbox 811 697 908 747; x_wconf 90' lang='lat' dir='ltr'>qua</span> <span class='ocrx_word' id='word_1_66' title='bbox 948 681 1145 729; x_wconf 86' lang='lat' dir='ltr'>ratione</span> <span class='ocrx_word' id='word_1_67' title='bbox 1185 675 1277 727; x_wconf 81' lang='lat' dir='ltr'>sint</span> <span class='ocrx_word' id='word_1_68' title='bbox 1311 675 1606 744; x_wconf 82' lang='lat' dir='ltr'>inspicienda</span> <span class='ocrx_word' id='word_1_69' title='bbox 1642 716 1654 728; x_wconf 93' lang='lat'>.</span> <span class='ocrx_word' id='word_1_70' title='bbox 1714 678 1876 745; x_wconf 83' lang='lat' dir='ltr'><strong>Siquis</strong></span> <span class='ocrx_word' id='word_1_71' title='bbox 1908 696 2077 730; x_wconf 85' lang='lat' dir='ltr'>tamen</span> <span class='ocrx_word' id='word_1_72' title='bbox 2110 676 2247 729; x_wconf 71' lang='lat' dir='ltr'>forte</span> <span class='ocrx_word' id='word_1_73' title='bbox 2281 676 2333 729; x_wconf 90' lang='lat' dir='ltr'>id</span> 
     </span>
     <span class='ocr_line' id='line_1_9' title="bbox 337 744 2333 822; baseline -0.004 -14"><span class='ocrx_word' id='word_1_74' title='bbox 337 760 584 822; x_wconf 79' lang='lat' dir='ltr'>requirat3</span> <span class='ocrx_word' id='word_1_75' title='bbox 625 759 661 806; x_wconf 84' lang='lat' dir='ltr'>is</span> <span class='ocrx_word' id='word_1_76' title='bbox 680 752 820 822; x_wconf 86' lang='lat' dir='ltr'>sole,</span> <span class='ocrx_word' id='word_1_77' title='bbox 856 750 942 800; x_wconf 83' lang='lat' dir='ltr'>vel</span> <span class='ocrx_word' id='word_1_78' title='bbox 968 748 1197 821; x_wconf 47' lang='lat' dir='ltr'>praeclara</span> <span class='ocrx_word' id='word_1_79' title='bbox 1241 748 1346 799; x_wconf 82' lang='lat' dir='ltr'>luce</span> <span class='ocrx_word' id='word_1_80' title='bbox 1383 744 1618 817; x_wconf 55' lang='lat' dir='ltr'>admg&#39;ffa,</span> <span class='ocrx_word' id='word_1_81' title='bbox 1653 784 1672 793; x_wconf 88' lang='lat'>-</span> <span class='ocrx_word' id='word_1_82' title='bbox 1713 748 1894 802; x_wconf 80' lang='lat' dir='ltr'>leniter</span> <span class='ocrx_word' id='word_1_83' title='bbox 1928 754 2333 811; x_wconf 61' lang='lat' dir='ltr'>trablas,exten-</span> 
     </span>
    </p>
   </div>
   <div class='ocr_carea' id='block_1_4' title="bbox 92 818 2337 900">
    <p class='ocr_par' dir='ltr' id='par_1_4' title="bbox 92 818 2337 900">
     <span class='ocr_line' id='line_1_10' title="bbox 92 818 2337 900; baseline 0.004 -32"><span class='ocrx_word' id='word_1_84' title='bbox 92 818 130 846; x_wconf 65' lang='lat'>¹³·</span> <span class='ocrx_word' id='word_1_85' title='bbox 162 821 222 847; x_wconf 81' lang='lat'>¹0·</span> <span class='ocrx_word' id='word_1_86' title='bbox 252 821 504 900; x_wconf 58' lang='lat' dir='ltr'>¹¹fs22sque</span> <span class='ocrx_word' id='word_1_87' title='bbox 538 827 642 876; x_wconf 86' lang='lat' dir='ltr'><em>alas</em></span> <span class='ocrx_word' id='word_1_88' title='bbox 676 862 693 868; x_wconf 95' lang='lat'>-</span> <span class='ocrx_word' id='word_1_89' title='bbox 723 826 866 874; x_wconf 64' lang='lat' dir='ltr'><em>vari&amp;</em></span> <span class='ocrx_word' id='word_1_90' title='bbox 904 822 925 887; x_wconf 85' lang='lat'>(</span> <span class='ocrx_word' id='word_1_91' title='bbox 961 822 995 875; x_wconf 89' lang='lat' dir='ltr'>fi</span> <span class='ocrx_word' id='word_1_92' title='bbox 1031 821 1099 875; x_wconf 90' lang='lat' dir='ltr'>est</span> <span class='ocrx_word' id='word_1_93' title='bbox 1132 840 1260 893; x_wconf 90' lang='lat' dir='ltr'>opus</span> <span class='ocrx_word' id='word_1_94' title='bbox 1294 824 1316 891; x_wconf 88' lang='lat'>)</span> <span class='ocrx_word' id='word_1_95' title='bbox 1356 820 1428 872; x_wconf 82' lang='lat' dir='ltr'>ad</span> <span class='ocrx_word' id='word_1_96' title='bbox 1455 822 1614 874; x_wconf 81' lang='lat' dir='ltr'>lumen</span> <span class='ocrx_word' id='word_1_97' title='bbox 1647 824 1884 876; x_wconf 75' lang='lat' dir='ltr'><em>inclinet.</em></span> <span class='ocrx_word' id='word_1_98' title='bbox 1924 826 2007 876; x_wconf 79' lang='lat' dir='ltr'>Sic</span> <span class='ocrx_word' id='word_1_99' title='bbox 2044 826 2172 874; x_wconf 88' lang='lat' dir='ltr'>enim</span> <span class='ocrx_word' id='word_1_100' title='bbox 2193 840 2337 881; x_wconf 72' lang='lat' dir='ltr'>3mo-</span> 
     </span>
    </p>
   </div>
   <div class='ocr_carea' id='block_1_5' title="bbox 102 2442 320 2533">
    <p class='ocr_par' dir='ltr' id='par_1_5' title="bbox 102 2442 320 2533">
     <span class='ocr_line' id='line_1_11' title="bbox 122 2442 320 2476; baseline 0 0"><span class='ocrx_word' id='word_1_101' title='bbox 122 2442 320 2476; x_wconf 78' lang='lat' dir='ltr'>Anatom.</span> 
     </span>
     <span class='ocr_line' id='line_1_12' title="bbox 102 2485 256 2533; baseline 0.013 -7"><span class='ocrx_word' id='word_1_102' title='bbox 102 2485 196 2526; x_wconf 72' lang='lat' dir='ltr'>niff.</span> <span class='ocrx_word' id='word_1_103' title='bbox 214 2500 256 2533; x_wconf 85' lang='lat'>9.</span> 
     </span>
    </p>
   </div>
   <div class='ocr_carea' id='block_1_6' title="bbox 102 2589 322 2895">
    <p class='ocr_par' dir='ltr' id='par_1_6' title="bbox 102 2589 322 2895">
     <span class='ocr_line' id='line_1_13' title="bbox 102 2589 322 2631; baseline -0.009 0"><span class='ocrx_word' id='word_1_104' title='bbox 102 2589 200 2631; x_wconf 80' lang='lat' dir='ltr'>Hist.</span> <span class='ocrx_word' id='word_1_105' title='bbox 213 2592 322 2629; x_wconf 79' lang='lat' dir='ltr'>Ana-</span> 
     </span>
     <span class='ocr_line' id='line_1_14' title="bbox 104 2654 293 2682; baseline -0.005 -1"><span class='ocrx_word' id='word_1_106' title='bbox 104 2654 207 2682; x_wconf 67' lang='lat' dir='ltr'>tom„</span> <span class='ocrx_word' id='word_1_107' title='bbox 252 2654 293 2680; x_wconf 89' lang='lat' dir='ltr'>n.</span> 
     </span>
     <span class='ocr_line' id='line_1_15' title="bbox 112 2709 193 2742; baseline -0.037 -9"><span class='ocrx_word' id='word_1_108' title='bbox 112 2709 193 2742; x_wconf 70' lang='lat'>¹4?-</span> 
     </span>
     <span class='ocr_line' id='line_1_16' title="bbox 106 2742 318 2796; baseline 0.005 -12"><span class='ocrx_word' id='word_1_109' title='bbox 106 2742 318 2796; x_wconf 66' lang='lat' dir='ltr'>comped.</span> 
     </span>
     <span class='ocr_line' id='line_1_17' title="bbox 107 2799 300 2838; baseline 0.016 -3"><span class='ocrx_word' id='word_1_110' title='bbox 107 2799 300 2838; x_wconf 76' lang='lat' dir='ltr'>Anatom.</span> 
     </span>
     <span class='ocr_line' id='line_1_18' title="bbox 106 2848 247 2895; baseline 0.007 -9"><span class='ocrx_word' id='word_1_111' title='bbox 106 2848 145 2886; x_wconf 59' lang='lat' dir='ltr'>iffi</span> <span class='ocrx_word' id='word_1_112' title='bbox 165 2859 247 2895; x_wconf 82' lang='lat'>192.</span> 
     </span>
    </p>
   </div>
   <div class='ocr_carea' id='block_1_7' title="bbox 327 893 2351 2934">
    <p class='ocr_par' dir='ltr' id='par_1_7' title="bbox 327 893 2351 2934">
     <span class='ocr_line' id='line_1_19' title="bbox 339 893 2337 970; baseline -0.004 -16"><span class='ocrx_word' id='word_1_113' title='bbox 339 904 407 954; x_wconf 73' lang='lat' dir='ltr'>do</span> <span class='ocrx_word' id='word_1_114' title='bbox 441 898 694 970; x_wconf 79' lang='lat' dir='ltr'>pluribus,</span> <span class='ocrx_word' id='word_1_115' title='bbox 734 898 885 965; x_wconf 87' lang='lat' dir='ltr'>iisque</span> <span class='ocrx_word' id='word_1_116' title='bbox 918 897 1111 948; x_wconf 82' lang='lat' dir='ltr'>idoneis</span> <span class='ocrx_word' id='word_1_117' title='bbox 1149 894 1475 947; x_wconf 84' lang='lat' dir='ltr'>cadaveribus</span> <span class='ocrx_word' id='word_1_118' title='bbox 1510 912 1705 964; x_wconf 81' lang='lat' dir='ltr'>utatur3</span> <span class='ocrx_word' id='word_1_119' title='bbox 1734 894 1895 968; x_wconf 79' lang='lat' dir='ltr'>saepe,</span> <span class='ocrx_word' id='word_1_120' title='bbox 1928 913 1984 948; x_wconf 90' lang='lat' dir='ltr'>ut</span> <span class='ocrx_word' id='word_1_121' title='bbox 2021 913 2122 965; x_wconf 82' lang='lat' dir='ltr'>ego</span> <span class='ocrx_word' id='word_1_122' title='bbox 2155 893 2337 963; x_wconf 75' lang='lat' dir='ltr'>scripsi,</span> 
     </span>
     <span class='ocr_line' id='line_1_20' title="bbox 336 965 2336 1041; baseline -0.005 -16"><span class='ocrx_word' id='word_1_123' title='bbox 336 978 390 1025; x_wconf 81' lang='lat' dir='ltr'>in</span> <span class='ocrx_word' id='word_1_124' title='bbox 450 970 725 1041; x_wconf 82' lang='lat' dir='ltr'>mgularum</span> <span class='ocrx_word' id='word_1_125' title='bbox 769 969 1119 1040; x_wconf 80' lang='lat' dir='ltr'><em>glandularum</em></span> <span class='ocrx_word' id='word_1_126' title='bbox 1175 965 1336 1020; x_wconf 73' lang='lat' dir='ltr'>medio</span> <span class='ocrx_word' id='word_1_127' title='bbox 1360 967 1720 1039; x_wconf 72' lang='lat' dir='ltr'>foramt&#39;nulum</span> <span class='ocrx_word' id='word_1_128' title='bbox 1775 968 2060 1041; x_wconf 71' lang='lat' dir='ltr'>conspiciet,</span> <span class='ocrx_word' id='word_1_129' title='bbox 2098 984 2162 1017; x_wconf 85' lang='lat' dir='ltr'>ex</span> <span class='ocrx_word' id='word_1_130' title='bbox 2198 983 2336 1035; x_wconf 80' lang='lat' dir='ltr'>eoque</span> 
     </span>
     <span class='ocr_line' id='line_1_21' title="bbox 327 1037 2340 1118; baseline -0.002 -21"><span class='ocrx_word' id='word_1_131' title='bbox 327 1043 548 1118; x_wconf 80' lang='lat' dir='ltr'>prostans</span> <span class='ocrx_word' id='word_1_132' title='bbox 587 1044 795 1095; x_wconf 83' lang='lat' dir='ltr'><em>concolor</em></span> <span class='ocrx_word' id='word_1_133' title='bbox 820 1041 1077 1112; x_wconf 74' lang='lat' dir='ltr'><em>glandulis</em></span> <span class='ocrx_word' id='word_1_134' title='bbox 1102 1037 1363 1111; x_wconf 65' lang='lat' dir='ltr'>fitbalbum</span> <span class='ocrx_word' id='word_1_135' title='bbox 1399 1038 1460 1100; x_wconf 54' lang='grc' dir='ltr'>(ῤ’</span> <span class='ocrx_word' id='word_1_136' title='bbox 1492 1056 1718 1112; x_wconf 84' lang='lat' dir='ltr'>pertenue</span> <span class='ocrx_word' id='word_1_137' title='bbox 1760 1043 1948 1114; x_wconf 59' lang='lat' dir='ltr'>filmer,</span> <span class='ocrx_word' id='word_1_138' title='bbox 1990 1043 2260 1112; x_wconf 76' lang='lat' dir='ltr'>praesertim</span> <span class='ocrx_word' id='word_1_139' title='bbox 2301 1037 2340 1092; x_wconf 86' lang='lat' dir='ltr'><strong>fi</strong></span> 
     </span>
     <span class='ocr_line' id='line_1_22' title="bbox 336 1114 2340 1187; baseline -0.003 -15"><span class='ocrx_word' id='word_1_140' title='bbox 336 1117 646 1187; x_wconf 82' lang='lat' dir='ltr'>expreffione</span> <span class='ocrx_word' id='word_1_141' title='bbox 678 1118 908 1186; x_wconf 83' lang='lat' dir='ltr'>adjuvet:</span> <span class='ocrx_word' id='word_1_142' title='bbox 950 1115 1086 1183; x_wconf 79' lang='lat' dir='ltr'>quod</span> <span class='ocrx_word' id='word_1_143' title='bbox 1124 1115 1244 1168; x_wconf 86' lang='lat' dir='ltr'>dum</span> <span class='ocrx_word' id='word_1_144' title='bbox 1283 1133 1385 1185; x_wconf 82' lang='lat' dir='ltr'>ego</span> <span class='ocrx_word' id='word_1_145' title='bbox 1417 1114 1672 1180; x_wconf 81' lang='lat' dir='ltr'>facerem,</span> <span class='ocrx_word' id='word_1_146' title='bbox 1710 1135 1908 1170; x_wconf 88' lang='lat' dir='ltr'>tantum</span> <span class='ocrx_word' id='word_1_147' title='bbox 1944 1114 2207 1186; x_wconf 86' lang='lat' dir='ltr'>aliquando</span> <span class='ocrx_word' id='word_1_148' title='bbox 2239 1131 2340 1166; x_wconf 85' lang='lat' dir='ltr'>ma-</span> 
     </span>
     <span class='ocr_line' id='line_1_23' title="bbox 335 1187 2346 1259; baseline -0.003 -15"><span class='ocrx_word' id='word_1_149' title='bbox 335 1194 472 1245; x_wconf 85' lang='lat' dir='ltr'>teriae</span> <span class='ocrx_word' id='word_1_150' title='bbox 500 1191 715 1243; x_wconf 82' lang='lat' dir='ltr'>sebaceae</span> <span class='ocrx_word' id='word_1_151' title='bbox 751 1209 817 1243; x_wconf 87' lang='lat' dir='ltr'>ex</span> <span class='ocrx_word' id='word_1_152' title='bbox 848 1187 1047 1259; x_wconf 81' lang='lat' dir='ltr'>singulis</span> <span class='ocrx_word' id='word_1_153' title='bbox 1084 1187 1394 1240; x_wconf 81' lang='lat' dir='ltr'>foraminulis</span> <span class='ocrx_word' id='word_1_154' title='bbox 1445 1190 1654 1257; x_wconf 83' lang='lat' dir='ltr'>expreffi</span> <span class='ocrx_word' id='word_1_155' title='bbox 1686 1229 1702 1252; x_wconf 89' lang='lat'>,</span> <span class='ocrx_word' id='word_1_156' title='bbox 1743 1209 1800 1244; x_wconf 90' lang='lat' dir='ltr'>ut</span> <span class='ocrx_word' id='word_1_157' title='bbox 1833 1193 1914 1244; x_wconf 92' lang='lat' dir='ltr'>vel</span> <span class='ocrx_word' id='word_1_158' title='bbox 1951 1191 2000 1243; x_wconf 90' lang='lat' dir='ltr'>id</span> <span class='ocrx_word' id='word_1_159' title='bbox 2038 1205 2192 1241; x_wconf 87' lang='lat' dir='ltr'>unum</span> <span class='ocrx_word' id='word_1_160' title='bbox 2228 1203 2346 1258; x_wconf 72' lang='lat' dir='ltr'>pro-</span> 
     </span>
     <span class='ocr_line' id='line_1_24' title="bbox 337 1259 2343 1336; baseline -0.002 -19"><span class='ocrx_word' id='word_1_161' title='bbox 337 1262 548 1336; x_wconf 76' lang='lat' dir='ltr'>positam</span> <span class='ocrx_word' id='word_1_162' title='bbox 596 1265 622 1316; x_wconf 73' lang='lat' dir='ltr'>a</span> <span class='ocrx_word' id='word_1_163' title='bbox 671 1283 754 1316; x_wconf 89' lang='lat' dir='ltr'>me</span> <span class='ocrx_word' id='word_1_164' title='bbox 802 1260 1152 1335; x_wconf 85' lang='lat' dir='ltr'>glandulatum</span> <span class='ocrx_word' id='word_1_165' title='bbox 1192 1263 1601 1330; x_wconf 78' lang='lat' dir='ltr'>magnitudinem</span> <span class='ocrx_word' id='word_1_166' title='bbox 1657 1264 1766 1317; x_wconf 78' lang='lat' dir='ltr'>satis</span> <span class='ocrx_word' id='word_1_167' title='bbox 1816 1262 2206 1336; x_wconf 84' lang='lat' dir='ltr'>comprobaret.</span> <span class='ocrx_word' id='word_1_168' title='bbox 2258 1259 2343 1312; x_wconf 85' lang='lat' dir='ltr'>Ad</span> 
     </span>
     <span class='ocr_line' id='line_1_25' title="bbox 337 1334 2340 1408; baseline -0.003 -17"><span class='ocrx_word' id='word_1_169' title='bbox 337 1338 469 1391; x_wconf 83' lang='lat' dir='ltr'>hanc</span> <span class='ocrx_word' id='word_1_170' title='bbox 497 1355 665 1390; x_wconf 84' lang='lat' dir='ltr'>tamen</span> <span class='ocrx_word' id='word_1_171' title='bbox 697 1335 1133 1408; x_wconf 83' lang='lat' dir='ltr'>cognoscendam,</span> <span class='ocrx_word' id='word_1_172' title='bbox 1174 1334 1283 1386; x_wconf 87' lang='lat' dir='ltr'>satis</span> <span class='ocrx_word' id='word_1_173' title='bbox 1316 1337 1413 1386; x_wconf 83' lang='lat' dir='ltr'>erit</span> <span class='ocrx_word' id='word_1_174' title='bbox 1455 1338 1858 1391; x_wconf 84' lang='lat' dir='ltr'>animadvertere</span> <span class='ocrx_word' id='word_1_175' title='bbox 1897 1343 2155 1391; x_wconf 84' lang='lat' dir='ltr'>cinereum</span> <span class='ocrx_word' id='word_1_176' title='bbox 2187 1351 2340 1403; x_wconf 85' lang='lat' dir='ltr'>quen-</span> 
     </span>
     <span class='ocr_line' id='line_1_26' title="bbox 339 1405 2345 1480; baseline -0.003 -16"><span class='ocrx_word' id='word_1_177' title='bbox 339 1412 458 1464; x_wconf 86' lang='lat' dir='ltr'>dam</span> <span class='ocrx_word' id='word_1_178' title='bbox 489 1410 704 1464; x_wconf 85' lang='lat' dir='ltr'>livorem</span> <span class='ocrx_word' id='word_1_179' title='bbox 750 1408 896 1463; x_wconf 86' lang='lat' dir='ltr'>instar</span> <span class='ocrx_word' id='word_1_180' title='bbox 930 1411 1097 1478; x_wconf 82' lang='lat' dir='ltr'>exigui</span> <span class='ocrx_word' id='word_1_181' title='bbox 1135 1408 1294 1461; x_wconf 70' lang='lat' dir='ltr'>ferme?</span> <span class='ocrx_word' id='word_1_182' title='bbox 1335 1409 1508 1461; x_wconf 86' lang='lat' dir='ltr'>circuli</span> <span class='ocrx_word' id='word_1_183' title='bbox 1544 1409 1715 1462; x_wconf 90' lang='lat' dir='ltr'>Iocum</span> <span class='ocrx_word' id='word_1_184' title='bbox 1762 1413 1897 1466; x_wconf 88' lang='lat' dir='ltr'>unde</span> <span class='ocrx_word' id='word_1_185' title='bbox 1936 1412 2081 1466; x_wconf 84' lang='lat' dir='ltr'>filum</span> <span class='ocrx_word' id='word_1_186' title='bbox 2122 1405 2345 1480; x_wconf 84' lang='lat' dir='ltr'>prostat,</span> 
     </span>
     <span class='ocr_line' id='line_1_27' title="bbox 338 1481 2344 1552; baseline -0.003 -15"><span class='ocrx_word' id='word_1_187' title='bbox 338 1482 440 1537; x_wconf 90' lang='lat' dir='ltr'>hoc</span> <span class='ocrx_word' id='word_1_188' title='bbox 467 1483 537 1537; x_wconf 89' lang='lat' dir='ltr'>est</span> <span class='ocrx_word' id='word_1_189' title='bbox 567 1483 957 1544; x_wconf 78' lang='lat' dir='ltr'>foraminulum,</span> <span class='ocrx_word' id='word_1_190' title='bbox 996 1481 1338 1544; x_wconf 81' lang='lat' dir='ltr'>ambientem,</span> <span class='ocrx_word' id='word_1_191' title='bbox 1375 1481 1429 1536; x_wconf 71' lang='grc' dir='ltr'>δε</span> <span class='ocrx_word' id='word_1_192' title='bbox 1465 1501 1558 1552; x_wconf 86' lang='lat' dir='ltr'>per</span> <span class='ocrx_word' id='word_1_193' title='bbox 1602 1501 1771 1536; x_wconf 84' lang='lat' dir='ltr'>cutem</span> <span class='ocrx_word' id='word_1_194' title='bbox 1815 1486 2002 1537; x_wconf 83' lang='lat' dir='ltr'>alarum</span> <span class='ocrx_word' id='word_1_195' title='bbox 2042 1481 2344 1534; x_wconf 84' lang='lat' dir='ltr'>translucen-</span> 
     </span>
     <span class='ocr_line' id='line_1_28' title="bbox 337 1552 2344 1626; baseline -0.002 -17"><span class='ocrx_word' id='word_1_196' title='bbox 337 1574 475 1610; x_wconf 89' lang='lat' dir='ltr'>tem.</span> <span class='ocrx_word' id='word_1_197' title='bbox 515 1558 610 1609; x_wconf 82' lang='lat' dir='ltr'>Hae</span> <span class='ocrx_word' id='word_1_198' title='bbox 644 1560 780 1609; x_wconf 80' lang='lat' dir='ltr'>enim</span> <span class='ocrx_word' id='word_1_199' title='bbox 816 1554 1080 1609; x_wconf 85' lang='lat' dir='ltr'>Glandulae</span> <span class='ocrx_word' id='word_1_200' title='bbox 1119 1552 1185 1606; x_wconf 81' lang='lat' dir='ltr'>sic</span> <span class='ocrx_word' id='word_1_201' title='bbox 1220 1553 1577 1607; x_wconf 87' lang='lat' dir='ltr'>translucendo</span> <span class='ocrx_word' id='word_1_202' title='bbox 1615 1559 2014 1626; x_wconf 87' lang='lat' dir='ltr'>prominentium</span> <span class='ocrx_word' id='word_1_203' title='bbox 2051 1573 2146 1625; x_wconf 87' lang='lat' dir='ltr'>per</span> <span class='ocrx_word' id='word_1_204' title='bbox 2179 1555 2344 1622; x_wconf 89' lang='lat' dir='ltr'>Nym-</span> 
     </span>
     <span class='ocr_line' id='line_1_29' title="bbox 337 1625 2345 1701; baseline -0.001 -19"><span class='ocrx_word' id='word_1_205' title='bbox 337 1629 556 1701; x_wconf 83' lang='lat' dir='ltr'>pharum</span> <span class='ocrx_word' id='word_1_206' title='bbox 584 1629 899 1700; x_wconf 87' lang='lat' dir='ltr'>superficiem</span> <span class='ocrx_word' id='word_1_207' title='bbox 937 1626 1254 1696; x_wconf 82' lang='lat' dir='ltr'><em>granulorum</em></span> <span class='ocrx_word' id='word_1_208' title='bbox 1295 1626 1509 1694; x_wconf 91' lang='lat' dir='ltr'>speciem</span> <span class='ocrx_word' id='word_1_209' title='bbox 1550 1630 1743 1682; x_wconf 88' lang='lat' dir='ltr'>referre</span> <span class='ocrx_word' id='word_1_210' title='bbox 1796 1627 1965 1701; x_wconf 74' lang='lat' dir='ltr'>potius</span> <span class='ocrx_word' id='word_1_211' title='bbox 2001 1628 2161 1681; x_wconf 89' lang='lat' dir='ltr'>solent</span> <span class='ocrx_word' id='word_1_212' title='bbox 2191 1625 2345 1694; x_wconf 65' lang='lat' dir='ltr'>quam</span> 
     </span>
     <span class='ocr_line' id='line_1_30' title="bbox 338 1698 2345 1775; baseline -0.002 -21"><span class='ocrx_word' id='word_1_213' title='bbox 338 1705 497 1775; x_wconf 85' lang='lat' dir='ltr'>reipsa</span> <span class='ocrx_word' id='word_1_214' title='bbox 527 1705 847 1773; x_wconf 65' lang='lat' dir='ltr'>prominere,</span> <span class='ocrx_word' id='word_1_215' title='bbox 890 1699 977 1752; x_wconf 88' lang='lat' dir='ltr'>nifi</span> <span class='ocrx_word' id='word_1_216' title='bbox 1007 1698 1141 1751; x_wconf 72' lang='lat' dir='ltr'>forte</span> <span class='ocrx_word' id='word_1_217' title='bbox 1172 1698 1359 1750; x_wconf 58' lang='lat' dir='ltr'>inclusa</span> <span class='ocrx_word' id='word_1_218' title='bbox 1399 1701 1608 1752; x_wconf 65' lang='lat' dir='ltr'>materia</span> <span class='ocrx_word' id='word_1_219' title='bbox 1650 1719 1945 1772; x_wconf 65' lang='lat' dir='ltr'>turget-ent.</span> <span class='ocrx_word' id='word_1_220' title='bbox 1988 1702 2125 1767; x_wconf 75' lang='lat' dir='ltr'>Qlae</span> <span class='ocrx_word' id='word_1_221' title='bbox 2158 1713 2243 1748; x_wconf 90' lang='lat' dir='ltr'>aut</span> <span class='ocrx_word' id='word_1_222' title='bbox 2278 1698 2345 1750; x_wconf 90' lang='lat' dir='ltr'>se-</span> 
     </span>
     <span class='ocr_line' id='line_1_31' title="bbox 342 1772 2343 1844; baseline -0.004 -15"><span class='ocrx_word' id='word_1_223' title='bbox 342 1777 447 1838; x_wconf 82' lang='lat' dir='ltr'>dis,</span> <span class='ocrx_word' id='word_1_224' title='bbox 486 1793 574 1827; x_wconf 86' lang='lat' dir='ltr'>aut</span> <span class='ocrx_word' id='word_1_225' title='bbox 613 1777 877 1844; x_wconf 79' lang='lat' dir='ltr'>turgentiae</span> <span class='ocrx_word' id='word_1_226' title='bbox 909 1775 1123 1823; x_wconf 85' lang='lat' dir='ltr'>varietas</span> <span class='ocrx_word' id='word_1_227' title='bbox 1160 1772 1298 1822; x_wconf 84' lang='lat' dir='ltr'>causa</span> <span class='ocrx_word' id='word_1_228' title='bbox 1332 1787 1538 1841; x_wconf 81' lang='lat' dir='ltr'>quoque</span> <span class='ocrx_word' id='word_1_229' title='bbox 1578 1772 1684 1837; x_wconf 87' lang='lat' dir='ltr'>est,</span> <span class='ocrx_word' id='word_1_230' title='bbox 1722 1792 1778 1828; x_wconf 87' lang='lat' dir='ltr'>ut</span> <span class='ocrx_word' id='word_1_231' title='bbox 1813 1792 1932 1844; x_wconf 84' lang='lat' dir='ltr'>quas</span> <span class='ocrx_word' id='word_1_232' title='bbox 1962 1773 2022 1826; x_wconf 86' lang='lat' dir='ltr'>ad</span> <span class='ocrx_word' id='word_1_233' title='bbox 2061 1774 2343 1834; x_wconf 87' lang='lat' dir='ltr'>cervicem,</span> 
     </span>
     <span class='ocr_line' id='line_1_32' title="bbox 341 1842 2344 1918; baseline -0.002 -18"><span class='ocrx_word' id='word_1_234' title='bbox 341 1847 594 1918; x_wconf 74' lang='lat' dir='ltr'>scapulaS,</span> <span class='ocrx_word' id='word_1_235' title='bbox 634 1847 802 1900; x_wconf 88' lang='lat' dir='ltr'>clunes</span> <span class='ocrx_word' id='word_1_236' title='bbox 828 1884 846 1909; x_wconf 90' lang='lat'>,</span> <span class='ocrx_word' id='word_1_237' title='bbox 888 1862 1038 1913; x_wconf 83' lang='lat' dir='ltr'>atque</span> <span class='ocrx_word' id='word_1_238' title='bbox 1081 1844 1195 1897; x_wconf 80' lang='lat' dir='ltr'>alias</span> <span class='ocrx_word' id='word_1_239' title='bbox 1247 1842 1487 1911; x_wconf 85' lang='lat' dir='ltr'>ejusmodi</span> <span class='ocrx_word' id='word_1_240' title='bbox 1521 1849 1761 1917; x_wconf 84' lang='lat' dir='ltr'>regiones</span> <span class='ocrx_word' id='word_1_241' title='bbox 1806 1843 2149 1918; x_wconf 79' lang='lat' dir='ltr'>descripsimus</span> <span class='ocrx_word' id='word_1_242' title='bbox 2184 1881 2202 1905; x_wconf 89' lang='lat'>,</span> <span class='ocrx_word' id='word_1_243' title='bbox 2240 1862 2344 1896; x_wconf 86' lang='lat' dir='ltr'>non</span> 
     </span>
     <span class='ocr_line' id='line_1_33' title="bbox 343 1913 2346 1990; baseline -0.001 -17"><span class='ocrx_word' id='word_1_244' title='bbox 343 1923 410 1973; x_wconf 86' lang='lat' dir='ltr'>ita</span> <span class='ocrx_word' id='word_1_245' title='bbox 440 1923 567 1990; x_wconf 82' lang='lat' dir='ltr'>saepe</span> <span class='ocrx_word' id='word_1_246' title='bbox 600 1920 982 1973; x_wconf 84' lang='lat' dir='ltr'>tuberculorum</span> <span class='ocrx_word' id='word_1_247' title='bbox 1017 1917 1180 1969; x_wconf 81' lang='lat' dir='ltr'>forma</span> <span class='ocrx_word' id='word_1_248' title='bbox 1217 1921 1572 1985; x_wconf 78' lang='lat' dir='ltr'>promineant,</span> <span class='ocrx_word' id='word_1_249' title='bbox 1612 1937 1669 1972; x_wconf 88' lang='lat' dir='ltr'>ut</span> <span class='ocrx_word' id='word_1_250' title='bbox 1709 1937 1816 1988; x_wconf 85' lang='lat' dir='ltr'>quae</span> <span class='ocrx_word' id='word_1_251' title='bbox 1848 1922 1909 1973; x_wconf 87' lang='lat' dir='ltr'>ad</span> <span class='ocrx_word' id='word_1_252' title='bbox 1950 1920 2255 1990; x_wconf 77' lang='lat' dir='ltr'>perinaeum,</span> <span class='ocrx_word' id='word_1_253' title='bbox 2292 1913 2346 1971; x_wconf 74' lang='grc' dir='ltr'>δε</span> 
     </span>
     <span class='ocr_line' id='line_1_34' title="bbox 343 1989 2347 2063; baseline -0.002 -18"><span class='ocrx_word' id='word_1_254' title='bbox 343 1992 605 2046; x_wconf 85' lang='lat' dir='ltr'>muliebris</span> <span class='ocrx_word' id='word_1_255' title='bbox 634 1993 858 2063; x_wconf 89' lang='lat' dir='ltr'>pudendi</span> <span class='ocrx_word' id='word_1_256' title='bbox 896 1991 1027 2044; x_wconf 85' lang='lat' dir='ltr'>labia</span> <span class='ocrx_word' id='word_1_257' title='bbox 1063 1993 1112 2042; x_wconf 87' lang='lat' dir='ltr'>in</span> <span class='ocrx_word' id='word_1_258' title='bbox 1145 1989 1472 2043; x_wconf 84' lang='lat' dir='ltr'>habitioribus</span> <span class='ocrx_word' id='word_1_259' title='bbox 1513 1993 1781 2062; x_wconf 78' lang='lat' dir='ltr'>praesertim</span> <span class='ocrx_word' id='word_1_260' title='bbox 1815 1992 2041 2062; x_wconf 58' lang='lat' dir='ltr'>subjectis</span> <span class='ocrx_word' id='word_1_261' title='bbox 2072 1990 2231 2042; x_wconf 88' lang='lat' dir='ltr'>solent</span> <span class='ocrx_word' id='word_1_262' title='bbox 2263 2007 2347 2041; x_wconf 92' lang='lat' dir='ltr'>oc-</span> 
     </span>
     <span class='ocr_line' id='line_1_35' title="bbox 345 2062 2347 2137; baseline -0.003 -18"><span class='ocrx_word' id='word_1_263' title='bbox 345 2085 546 2119; x_wconf 87' lang='lat' dir='ltr'>currere</span> <span class='ocrx_word' id='word_1_264' title='bbox 567 2106 579 2119; x_wconf 93' lang='lat'><strong>.</strong></span> <span class='ocrx_word' id='word_1_265' title='bbox 671 2063 931 2119; x_wconf 74' lang='lat' dir='ltr'>Caeterdm</span> <span class='ocrx_word' id='word_1_266' title='bbox 967 2062 1153 2116; x_wconf 84' lang='lat' dir='ltr'>nostras</span> <span class='ocrx_word' id='word_1_267' title='bbox 1188 2062 1430 2116; x_wconf 87' lang='lat' dir='ltr'>Sebaceas</span> <span class='ocrx_word' id='word_1_268' title='bbox 1464 2064 1823 2137; x_wconf 83' lang='lat' dir='ltr'>Nympharum</span> <span class='ocrx_word' id='word_1_269' title='bbox 1864 2063 2135 2121; x_wconf 81' lang='lat' dir='ltr'>Glandulas</span> <span class='ocrx_word' id='word_1_270' title='bbox 2168 2065 2216 2115; x_wconf 90' lang='lat' dir='ltr'>in</span> <span class='ocrx_word' id='word_1_271' title='bbox 2247 2065 2347 2114; x_wconf 88' lang='lat' dir='ltr'>Bo-</span> 
     </span>
     <span class='ocr_line' id='line_1_36' title="bbox 346 2134 2345 2210; baseline -0.003 -17"><span class='ocrx_word' id='word_1_272' title='bbox 346 2138 566 2193; x_wconf 84' lang='lat' dir='ltr'>nonienfi</span> <span class='ocrx_word' id='word_1_273' title='bbox 600 2136 821 2210; x_wconf 73' lang='lat' dir='ltr'>primum</span> <span class='ocrx_word' id='word_1_274' title='bbox 869 2136 1101 2189; x_wconf 84' lang='lat' dir='ltr'>Theatro</span> <span class='ocrx_word' id='word_1_275' title='bbox 1150 2134 1574 2190; x_wconf 82' lang='lat' dir='ltr'>Praestantiffimus</span> <span class='ocrx_word' id='word_1_276' title='bbox 1625 2142 1905 2191; x_wconf 82' lang='lat' dir='ltr'>Stancarius</span> <span class='ocrx_word' id='word_1_277' title='bbox 1950 2136 2196 2199; x_wconf 85' lang='lat' dir='ltr'>ostendit,</span> <span class='ocrx_word' id='word_1_278' title='bbox 2234 2151 2345 2187; x_wconf 87' lang='lat' dir='ltr'>tum</span> 
     </span>
     <span class='ocr_line' id='line_1_37' title="bbox 345 2207 2351 2281; baseline -0.006 -16"><span class='ocrx_word' id='word_1_279' title='bbox 345 2215 395 2265; x_wconf 82' lang='lat' dir='ltr'>in</span> <span class='ocrx_word' id='word_1_280' title='bbox 426 2213 635 2265; x_wconf 87' lang='lat' dir='ltr'>Veneto</span> <span class='ocrx_word' id='word_1_281' title='bbox 684 2209 1031 2266; x_wconf 84' lang='lat' dir='ltr'>Ornatiffimus</span> <span class='ocrx_word' id='word_1_282' title='bbox 1069 2211 1357 2261; x_wconf 84' lang='lat' dir='ltr'>Santorinus</span> <span class='ocrx_word' id='word_1_283' title='bbox 1394 2248 1412 2273; x_wconf 87' lang='lat'>,</span> <span class='ocrx_word' id='word_1_284' title='bbox 1452 2210 1503 2265; x_wconf 67' lang='grc' dir='ltr'>ἃ</span> <span class='ocrx_word' id='word_1_285' title='bbox 1539 2209 1621 2263; x_wconf 91' lang='lat' dir='ltr'>hic</span> <span class='ocrx_word' id='word_1_286' title='bbox 1668 2213 1939 2281; x_wconf 68' lang='lat' dir='ltr'>praesertim</span> <span class='ocrx_word' id='word_1_287' title='bbox 1977 2207 2351 2278; x_wconf 16' lang='lat' dir='ltr'>valdexconspi.</span> 
     </span>
     <span class='ocr_line' id='line_1_38' title="bbox 349 2282 2347 2348; baseline -0.003 -10"><span class='ocrx_word' id='word_1_288' title='bbox 349 2304 489 2348; x_wconf 75' lang='lat' dir='ltr'>cuaS,</span> <span class='ocrx_word' id='word_1_289' title='bbox 523 2284 575 2339; x_wconf 84' lang='lat'>&amp;</span> <span class='ocrx_word' id='word_1_290' title='bbox 608 2285 864 2337; x_wconf 85' lang='lat' dir='ltr'>sebaceam</span> <span class='ocrx_word' id='word_1_291' title='bbox 900 2285 1163 2335; x_wconf 84' lang='lat' dir='ltr'>materiam</span> <span class='ocrx_word' id='word_1_292' title='bbox 1202 2282 1574 2336; x_wconf 64' lang='lat' dir='ltr'>evidentiffime}</span> <span class='ocrx_word' id='word_1_293' title='bbox 1601 2287 1888 2338; x_wconf 88' lang='lat' dir='ltr'>emittentes</span> <span class='ocrx_word' id='word_1_294' title='bbox 1909 2324 1922 2336; x_wconf 92' lang='lat'><strong>.</strong></span> <span class='ocrx_word' id='word_1_295' title='bbox 1980 2285 2031 2334; x_wconf 91' lang='lat' dir='ltr'>In</span> <span class='ocrx_word' id='word_1_296' title='bbox 2062 2282 2141 2332; x_wconf 87' lang='lat' dir='ltr'>sua</span> <span class='ocrx_word' id='word_1_297' title='bbox 2176 2297 2347 2333; x_wconf 86' lang='lat' dir='ltr'>autem</span> 
     </span>
     <span class='ocr_line' id='line_1_39' title="bbox 347 2352 2342 2428; baseline -0.004 -16"><span class='ocrx_word' id='word_1_298' title='bbox 347 2362 545 2428; x_wconf 80' lang='lat' dir='ltr'>Scripta</span> <span class='ocrx_word' id='word_1_299' title='bbox 575 2360 908 2423; x_wconf 75' lang='lat' dir='ltr'>Anatomica3</span> <span class='ocrx_word' id='word_1_300' title='bbox 952 2372 1007 2408; x_wconf 80' lang='lat' dir='ltr'>ut</span> <span class='ocrx_word' id='word_1_301' title='bbox 1043 2352 1425 2423; x_wconf 87' lang='lat' dir='ltr'>Verheyenium</span> <span class='ocrx_word' id='word_1_302' title='bbox 1463 2360 1697 2409; x_wconf 89' lang='lat' dir='ltr'>omittam</span> <span class='ocrx_word' id='word_1_303' title='bbox 1732 2381 1745 2424; x_wconf 79' lang='lat'><em>3</em></span> <span class='ocrx_word' id='word_1_304' title='bbox 1788 2360 1978 2426; x_wconf 83' lang='lat' dir='ltr'>primus</span> <span class='ocrx_word' id='word_1_305' title='bbox 2008 2353 2181 2407; x_wconf 84' lang='lat' dir='ltr'>retulit</span> <span class='ocrx_word' id='word_1_306' title='bbox 2218 2353 2342 2405; x_wconf 85' lang='lat' dir='ltr'>Dili-</span> 
     </span>
     <span class='ocr_line' id='line_1_40' title="bbox 350 2423 2346 2500; baseline -0.003 -18"><span class='ocrx_word' id='word_1_307' title='bbox 350 2432 655 2500; x_wconf 75' lang='lat' dir='ltr'>gentissimus</span> <span class='ocrx_word' id='word_1_308' title='bbox 689 2434 940 2485; x_wconf 79' lang='lat' dir='ltr'>Fantonus</span> <span class='ocrx_word' id='word_1_309' title='bbox 977 2431 1042 2480; x_wconf 84' lang='lat' dir='ltr'>ita</span> <span class='ocrx_word' id='word_1_310' title='bbox 1074 2444 1129 2479; x_wconf 88' lang='lat' dir='ltr'>ut</span> <span class='ocrx_word' id='word_1_311' title='bbox 1168 2423 1485 2478; x_wconf 70' lang='lat' dir='ltr'>creberrimas</span> <span class='ocrx_word' id='word_1_312' title='bbox 1525 2431 1626 2481; x_wconf 86' lang='lat' dir='ltr'>esse</span> <span class='ocrx_word' id='word_1_313' title='bbox 1661 2463 1679 2471; x_wconf 91' lang='lat'>-</span> <span class='ocrx_word' id='word_1_314' title='bbox 1710 2429 2065 2498; x_wconf 77' lang='lat' dir='ltr'>foraminulum</span> <span class='ocrx_word' id='word_1_315' title='bbox 2092 2429 2148 2477; x_wconf 84' lang='lat' dir='ltr'>in</span> <span class='ocrx_word' id='word_1_316' title='bbox 2185 2437 2346 2476; x_wconf 80' lang='lat' dir='ltr'>centro</span> 
     </span>
     <span class='ocr_line' id='line_1_41' title="bbox 348 2497 2347 2573; baseline -0.001 -22"><span class='ocrx_word' id='word_1_317' title='bbox 348 2501 579 2568; x_wconf 68' lang='lat' dir='ltr'>ostentare</span> <span class='ocrx_word' id='word_1_318' title='bbox 610 2541 626 2565; x_wconf 80' lang='lat'>,</span> <span class='ocrx_word' id='word_1_319' title='bbox 665 2501 725 2562; x_wconf 63' lang='grc' dir='ltr'>ό*</span> <span class='ocrx_word' id='word_1_320' title='bbox 759 2501 973 2554; x_wconf 80' lang='lat' dir='ltr'>humoris</span> <span class='ocrx_word' id='word_1_321' title='bbox 1008 2497 1203 2570; x_wconf 68' lang='lat' dir='ltr'>sebae-ei</span> <span class='ocrx_word' id='word_1_322' title='bbox 1238 2497 1566 2573; x_wconf 68' lang='lat' dir='ltr'>fiaturzgines</span> <span class='ocrx_word' id='word_1_323' title='bbox 1617 2502 1720 2554; x_wconf 88' lang='lat' dir='ltr'>esse</span> <span class='ocrx_word' id='word_1_324' title='bbox 1753 2542 1770 2567; x_wconf 88' lang='lat'>,</span> <span class='ocrx_word' id='word_1_325' title='bbox 1809 2504 2041 2556; x_wconf 84' lang='lat' dir='ltr'>docuerit</span> <span class='ocrx_word' id='word_1_326' title='bbox 2077 2539 2089 2550; x_wconf 87' lang='lat'><strong>.</strong></span> <span class='ocrx_word' id='word_1_327' title='bbox 2143 2497 2347 2551; x_wconf 83' lang='lat' dir='ltr'>Deinde</span> 
     </span>
     <span class='ocr_line' id='line_1_42' title="bbox 350 2569 2350 2644; baseline -0.003 -18"><span class='ocrx_word' id='word_1_328' title='bbox 350 2575 704 2628; x_wconf 79' lang='lat' dir='ltr'>Eruditiffimus</span> <span class='ocrx_word' id='word_1_329' title='bbox 742 2573 1034 2630; x_wconf 81' lang='lat' dir='ltr'>Coelickius</span> <span class='ocrx_word' id='word_1_330' title='bbox 1067 2576 1196 2624; x_wconf 88' lang='lat' dir='ltr'>inter</span> <span class='ocrx_word' id='word_1_331' title='bbox 1228 2591 1287 2625; x_wconf 88' lang='lat' dir='ltr'>ea</span> <span class='ocrx_word' id='word_1_332' title='bbox 1322 2589 1431 2638; x_wconf 83' lang='lat' dir='ltr'>quae</span> <span class='ocrx_word' id='word_1_333' title='bbox 1466 2592 1565 2644; x_wconf 81' lang='lat' dir='ltr'>ego</span> <span class='ocrx_word' id='word_1_334' title='bbox 1601 2592 1732 2625; x_wconf 81' lang='lat' dir='ltr'><em>nova</em></span> <span class='ocrx_word' id='word_1_335' title='bbox 1763 2576 1960 2634; x_wconf 77' lang='lat' dir='ltr'>detexi,</span> <span class='ocrx_word' id='word_1_336' title='bbox 1994 2576 2164 2622; x_wconf 78' lang='lat' dir='ltr'>merito</span> <span class='ocrx_word' id='word_1_337' title='bbox 2195 2569 2350 2621; x_wconf 82' lang='lat' dir='ltr'><em>adnu-</em></span> 
     </span>
     <span class='ocr_line' id='line_1_43' title="bbox 350 2642 2342 2717; baseline -0.002 -19"><span class='ocrx_word' id='word_1_338' title='bbox 350 2665 536 2698; x_wconf 68' lang='lat' dir='ltr'>merare</span> <span class='ocrx_word' id='word_1_339' title='bbox 557 2644 655 2714; x_wconf 72' lang='lat' dir='ltr'>fi,</span> <span class='ocrx_word' id='word_1_340' title='bbox 693 2650 848 2708; x_wconf 86' lang='lat' dir='ltr'>dixit,</span> <span class='ocrx_word' id='word_1_341' title='bbox 886 2664 980 2717; x_wconf 77' lang='lat' dir='ltr'>quae</span> <span class='ocrx_word' id='word_1_342' title='bbox 1023 2644 1081 2694; x_wconf 84' lang='lat' dir='ltr'>de</span> <span class='ocrx_word' id='word_1_343' title='bbox 1112 2644 1366 2713; x_wconf 71' lang='lat' dir='ltr'><em>glandulis</em></span> <span class='ocrx_word' id='word_1_344' title='bbox 1391 2642 1608 2713; x_wconf 82' lang='lat' dir='ltr'>sebaceis</span> <span class='ocrx_word' id='word_1_345' title='bbox 1647 2646 1886 2715; x_wconf 63' lang='lat' dir='ltr'>divetsts,</span> <span class='ocrx_word' id='word_1_346' title='bbox 1910 2644 2171 2717; x_wconf 79' lang='lat' dir='ltr'>speciatim</span> <span class='ocrx_word' id='word_1_347' title='bbox 2207 2661 2342 2712; x_wconf 83' lang='lat' dir='ltr'>nym-</span> 
     </span>
     <span class='ocr_line' id='line_1_44' title="bbox 346 2716 2343 2793; baseline -0.003 -22"><span class='ocrx_word' id='word_1_348' title='bbox 346 2719 588 2793; x_wconf 73' lang='lat' dir='ltr'>pharum,</span> <span class='ocrx_word' id='word_1_349' title='bbox 625 2720 894 2771; x_wconf 71' lang='lat' dir='ltr'>adnotavi.</span> <span class='ocrx_word' id='word_1_350' title='bbox 948 2718 1226 2773; x_wconf 73' lang='lat' dir='ltr'>Noviffime</span> <span class='ocrx_word' id='word_1_351' title='bbox 1278 2718 1628 2772; x_wconf 80' lang='lat' dir='ltr'>Solertiffimus</span> <span class='ocrx_word' id='word_1_352' title='bbox 1679 2719 1934 2774; x_wconf 86' lang='lat' dir='ltr'>Heisterus</span> <span class='ocrx_word' id='word_1_353' title='bbox 1969 2716 2206 2771; x_wconf 82' lang='lat' dir='ltr'>notandas</span> <span class='ocrx_word' id='word_1_354' title='bbox 2235 2752 2253 2759; x_wconf 92' lang='lat'>-</span> <span class='ocrx_word' id='word_1_355' title='bbox 2287 2718 2343 2766; x_wconf 82' lang='lat' dir='ltr'>in</span> 
     </span>
     <span class='ocr_line' id='line_1_45' title="bbox 349 2785 2337 2864; baseline -0.004 -19"><span class='ocrx_word' id='word_1_356' title='bbox 349 2791 584 2864; x_wconf 76' lang='lat' dir='ltr'>Nymphis</span> <span class='ocrx_word' id='word_1_357' title='bbox 616 2794 746 2855; x_wconf 85' lang='lat' dir='ltr'>esse,</span> <span class='ocrx_word' id='word_1_358' title='bbox 784 2793 1078 2854; x_wconf 77' lang='lat' dir='ltr'>admonuit,</span> <span class='ocrx_word' id='word_1_359' title='bbox 1108 2790 1371 2861; x_wconf 74' lang='lat' dir='ltr'><em>glandulas</em></span> <span class='ocrx_word' id='word_1_360' title='bbox 1423 2806 1610 2862; x_wconf 85' lang='lat' dir='ltr'><em>parvas</em></span> <span class='ocrx_word' id='word_1_361' title='bbox 1633 2790 1962 2862; x_wconf 79' lang='lat' dir='ltr'>substantiam</span> <span class='ocrx_word' id='word_1_362' title='bbox 1988 2788 2241 2859; x_wconf 59' lang='lat' dir='ltr'>sebae-eam</span> <span class='ocrx_word' id='word_1_363' title='bbox 2259 2785 2337 2855; x_wconf 81' lang='lat' dir='ltr'>fi-</span> 
     </span>
     <span class='ocr_line' id='line_1_46' title="bbox 350 2859 2340 2934; baseline -0.004 -15"><span class='ocrx_word' id='word_1_364' title='bbox 350 2880 627 2919; x_wconf 77' lang='lat' dir='ltr'>cernentes.</span> <span class='ocrx_word' id='word_1_365' title='bbox 669 2867 807 2930; x_wconf 80' lang='lat' dir='ltr'>Qlae</span> <span class='ocrx_word' id='word_1_366' title='bbox 847 2882 1253 2917; x_wconf 82' lang='lat' dir='ltr'>commemorare</span> <span class='ocrx_word' id='word_1_367' title='bbox 1288 2862 1374 2915; x_wconf 81' lang='lat' dir='ltr'>hic</span> <span class='ocrx_word' id='word_1_368' title='bbox 1408 2866 1662 2917; x_wconf 86' lang='lat' dir='ltr'>voluimus</span> <span class='ocrx_word' id='word_1_369' title='bbox 1687 2904 1705 2932; x_wconf 91' lang='lat'>,</span> <span class='ocrx_word' id='word_1_370' title='bbox 1744 2883 1800 2918; x_wconf 88' lang='lat' dir='ltr'>ut</span> <span class='ocrx_word' id='word_1_371' title='bbox 1831 2884 1907 2919; x_wconf 93' lang='lat' dir='ltr'>tot</span> <span class='ocrx_word' id='word_1_372' title='bbox 1943 2863 2185 2934; x_wconf 69' lang='lat' dir='ltr'>ejusmodi</span> <span class='ocrx_word' id='word_1_373' title='bbox 2222 2859 2340 2911; x_wconf 78' lang='lat' dir='ltr'>Pro·-</span> 
     </span>
    </p>
   </div>
   <div class='ocr_carea' id='block_1_8' title="bbox 351 2927 2344 3085">
    <p class='ocr_par' dir='ltr' id='par_1_8' title="bbox 351 2927 2344 3085">
     <span class='ocr_line' id='line_1_47' title="bbox 351 2927 2344 3008; baseline -0.005 -15"><span class='ocrx_word' id='word_1_374' title='bbox 351 2941 593 2993; x_wconf 82' lang='lat' dir='ltr'>fessorum</span> <span class='ocrx_word' id='word_1_375' title='bbox 643 2939 936 2992; x_wconf 54' lang='lat' dir='ltr'>auctoritate</span> <span class='ocrx_word' id='word_1_376' title='bbox 992 2936 1149 3006; x_wconf 86' lang='lat' dir='ltr'>majus</span> <span class='ocrx_word' id='word_1_377' title='bbox 1201 2938 1409 2991; x_wconf 87' lang='lat' dir='ltr'>Invento</span> <span class='ocrx_word' id='word_1_378' title='bbox 1464 2936 1633 2998; x_wconf 84' lang='lat' dir='ltr'>nostro</span> <span class='ocrx_word' id='word_1_379' title='bbox 1671 2976 1689 3004; x_wconf 93' lang='lat'>,</span> <span class='ocrx_word' id='word_1_380' title='bbox 1742 2938 1796 2993; x_wconf 83' lang='lat'>&amp;</span> <span class='ocrx_word' id='word_1_381' title='bbox 1849 2936 2162 3008; x_wconf 88' lang='lat' dir='ltr'>descriptioni</span> <span class='ocrx_word' id='word_1_382' title='bbox 2211 2927 2344 3004; x_wconf 74' lang='lat' dir='ltr'>apud</span> 
     </span>
     <span class='ocr_line' id='line_1_48' title="bbox 353 3010 1096 3085; baseline -0.005 -20"><span class='ocrx_word' id='word_1_383' title='bbox 353 3031 528 3065; x_wconf 85' lang='lat' dir='ltr'>omnes</span> <span class='ocrx_word' id='word_1_384' title='bbox 562 3011 764 3085; x_wconf 86' lang='lat' dir='ltr'>pondus</span> <span class='ocrx_word' id='word_1_385' title='bbox 800 3010 1096 3064; x_wconf 85' lang='lat' dir='ltr'>adderetur.</span> 
     </span>
    </p>
   </div>
   <div class='ocr_carea' id='block_1_9' title="bbox 2104 3299 2282 3356">
    <p class='ocr_par' dir='ltr' id='par_1_9' title="bbox 2104 3299 2282 3356">
     <span class='ocr_line' id='line_1_49' title="bbox 2104 3299 2282 3356; baseline -0.017 -1"><span class='ocrx_word' id='word_1_386' title='bbox 2104 3299 2282 3356; x_wconf 86' lang='lat' dir='ltr'>ANI-</span> 
     </span>
    </p>
   </div>
  </div>
 </body>
</html>
