2501 3602
425 197 508 272 9⁷0
710 195 1379 274 ADVERSARJA
1445 194 1764 255 AwAT.
1824 195 1939 257 VJ.

334 310 597 384 Briggsius
628 311 692 364 de
724 308 1008 382 crystallino
1040 307 1260 360 humore
1293 302 1600 358 dimovendo
1631 338 1650 364 ,
1687 303 1768 355 sed
1801 305 1864 357 de
1902 304 2009 376 ejus
2039 306 2205 376 figura
2235 304 2324 359 im:

335 386 579 441 mutanda
608 384 806 439 locutus
838 382 938 448 est,
975 379 1088 434 crim
1121 383 1169 433 id
1203 378 1340 447 quod
1371 395 1463 430 nos
1494 375 1848 445 explicandum
1881 378 2323 449 suscepimusmli-

335 500 372 529 „
408 476 706 531 gamentum
740 457 905 513 ciliare
936 494 953 519 ,
991 453 1180 523 scripsit
1206 489 1222 513 a
1279 448 1481 503 humori
1509 448 1797 520 crystallino
1831 452 2119 506 incumbens
2148 491 2166 517 ,
2202 471 2322 506 eum

337 573 372 600 :a
410 553 508 606 pro
538 553 594 587 re
625 551 737 586 nata
769 531 977 584 dilatare
1005 565 1022 589 ‚
1059 525 1136 577 vel
1167 521 1509 596 constringere
1545 563 1556 576 .
1588 561 1621 588 aa
1673 526 1836 577 Fuere
1873 527 2025 594 igitur
2057 530 2138 594 qui
2173 525 2326 580 existi-

337 624 568 670 marent,
608 604 876 678 crystallini
910 616 1092 666 corpus
1124 614 1181 649 ut
1215 597 1492 666 ligamento
1535 598 1686 651 ciliari
1719 595 1854 668 quasi
1884 598 2106 668 quodam
2139 600 2322 654 annulo

340 683 664 736 circumcirca
701 675 952 734 ambitur,
992 674 1058 725 ita
1090 669 1235 741 hujus
1274 671 1617 726 contraffione
1653 673 1875 740 pressum
1903 709 1922 735 ,
1960 687 2167 743 turgere
2199 709 2216 734 ‚
2253 693 2327 728 ea.

340 773 442 825 que
471 753 671 805 vicissim
705 745 1046 802 contrafflone
1090 747 1385 799 remittente
1418 785 1435 810 a
1477 747 1538 799 ad
1573 746 1823 818 pristinam
1869 746 2090 815 figuram
2127 745 2291 799 redire
2313 787 2324 801 .

341 826 504 893 Quod
539 824 746 893 quidem
778 820 909 874 haud
939 818 1214 890 improbari
1244 817 1453 872 fortasse
1487 822 1652 890 posset
1684 859 1701 884 ‚
1739 819 1776 872 fi
1814 819 2033 888 ejusdem
2070 818 2328 889 ligamenti

337 900 478 954 fibrae
508 895 654 949 instar
672 895 929 964 cujusdam
961 891 1254 963 sphin&eris
1288 893 1695 963 disponerentur.
1729 890 1925 947 Vertim
1958 891 2071 963 ipsae
2098 889 2243 944 instar
2260 911 2332 946 ra-

337 973 541 1024 diorum
571 971 632 1024 ad
685 967 1023 1040 crystallinum
1072 965 1208 1035 quasi
1239 967 1299 1019 ad
1332 985 1562 1020 centrum
1602 966 1865 1036 quoddam
1913 966 2326 1019 contendentium

336 1043 576 1114 dispositae
606 1044 715 1098 sunt
740 1081 757 1106 ,
813 1040 865 1097 &
893 1044 943 1093 in
976 1039 1082 1108 ejus
1113 1043 1329 1093 tunicam
1361 1079 1396 1103 ³-
1432 1057 1585 1109 quam
1620 1059 1721 1112 ego
1755 1057 1850 1110 pro
1882 1056 2059 1092 earum
2091 1039 2330 1092 tendinea

334 1115 641 1190 expansione
672 1116 861 1170 habere
888 1113 1052 1167 ferme
1090 1112 1490 1176 sole0,insertae.
1527 1114 1866 1183 Quapropter
1906 1110 2328 1175 constriffimem,

335 1191 437 1246 five
467 1190 817 1245 subsidentiarn
852 1186 1116 1261 crystallini
1153 1186 1317 1241 multo
1368 1184 1549 1240 rentes
1595 1186 1835 1256 explicari
1881 1186 2058 1238 censeo
2096 1202 2191 1256 per
2225 1185 2332 1238 illa-

337 1284 453 1320 rum
488 1265 919 1332 contraffionem3
958 1277 1134 1315 contra
1165 1260 1291 1315 vero
1329 1261 1671 1331 tingendam,
1709 1276 1804 1333 per
1835 1258 2201 1313 remiffionem.

533 1405 1744 1481 ANIMADVERSIO
1837 1402 2131 1475 LXXI.

91 1583 313 1629 Dediwsa
340 1550 608 1698 NArn
638 1555 777 1627 quod
824 1553 1081 1609 doffiffimi
1127 1553 1329 1623 quidam
1378 1551 1491 1606 Viri
1528 1551 1775 1624 objiciunt
1807 1589 1824 1614 ‚
1882 1547 2217 1622 crystallinum
2268 1566 2332 1600 ex

93 1637 286 1695 divezsarzz·
544 1628 712 1683 multo
747 1628 1034 1682 durioribus
1075 1627 1289 1680 lamellis
1320 1630 1580 1697 compingi
1614 1665 1630 1690 ³
1688 1625 1842 1694 quam
1886 1642 1973 1678 aut
2023 1623 2127 1691 ejus
2165 1622 2329 1692 figura

87 1696 304 1786 {ffsststbfftnr
340 1706 524 1755 mutari
552 1743 571 1769 3
611 1721 698 1756 aut
730 1704 871 1757 certe
901 1704 1003 1756 sine
1033 1699 1293 1772 produffls
1329 1703 1378 1754 in
1410 1700 1673 1770 superficie
1719 1702 1888 1770 rugis,
1925 1697 2229 1767 trajicientes
2259 1713 2335 1746 ra-

95 1790 315 1846 ωηχῑβειῑα,
343 1778 452 1830 dios
484 1776 853 1848 perturbaturis
880 1815 897 1841 2
936 1778 1117 1829 mutari
1149 1773 1296 1846 poffit
1327 1797 1339 1841 3
1384 1778 1617 1826 nimirum
1658 1771 1760 1825 hoc
1796 1771 1911 1826 crim
1945 1774 2150 1838 utrique
2182 1768 2333 1836 expli-

95 1841 271 1928 hsslj‘sqt'ae
343 1853 526 1902 cationi
562 1852 848 1902 adversatur
873 1888 891 1911 ‚
935 1865 1045 1900 tum
1093 1846 1217 1900 vero
1256 1847 1510 1898 nonnullis
1558 1848 1802 1897 infirmari
1835 1843 2000 1912 potest
2033 1843 2335 1894 observatio-

97 1906 279 1931 u'¹'²e‘
342 1921 519 1975 nibus.
558 1918 782 1972 Primtim
816 1935 1034 1986 namque
1073 1920 1122 1969 in
1151 1916 1422 1983 majoribus
1469 1916 1678 1982 piscibus
1716 1915 2030 1966 observatum
2065 1912 2134 1966 est
2165 1950 2183 1976 ³
2223 1931 2330 1982 cry-

343 1994 518 2048 stallini
549 1991 861 2043 substantiam
897 1988 1002 2058 quo
1037 1991 1259 2038 exterior
1290 1985 1391 2045 est,
1431 1985 1496 2035 eo
1529 1988 1629 2036 esse
1667 1987 1986 2051 molliorem3
2028 1984 2251 2051 quinimo
2284 1987 2334 2037 in

345 2063 621 2117 minoribus
649 2079 854 2131 quoque
884 2057 1199 2131 piscibus2&
1230 2059 1526 2109 nominatim
1565 2060 1611 2109 in
1646 2075 1710 2109 eo
1731 2074 1880 2126 quem
1918 2057 2070 2109 latine
2101 2055 2332 2120 Fabrum,

345 2140 428 2192 seu
462 2137 666 2190 Gallum
698 2136 957 2188 Marinum
985 2134 1155 2184 vocari
1180 2168 1197 2194 a
1235 2132 1424 2199 accipio
1456 2167 1472 2192 ,
1524 2129 1576 2186 &
1608 2132 1657 2182 in
1691 2147 1793 2198 quo
1831 2130 2084 2183 maxillam
2113 2130 2331 2201 superio-

347 2229 458 2264 rem
489 2208 729 2263 mobilem
757 2204 1071 2277 deprehendi
1100 2244 1119 2268 3
1172 2205 1319 2255 incisa
1366 2206 1532 2255 tunica
1585 2203 1900 2274 crystalloide
1950 2205 2087 2257 idem
2125 2206 2330 2256 memini

350 2283 658 2337 observasse.
695 2281 897 2336 Deinde
927 2279 1106 2332 eadem
1139 2278 1309 2330 tunica
1339 2278 1390 2329 in
1419 2277 1584 2329 vitulis
1615 2280 1761 2329 etiam
1785 2315 1801 2339 ,
1840 2276 2102 2345 bobusque
2140 2277 2239 2330 five
2256 2295 2332 2329 re-

353 2377 500 2421 cenS,
539 2354 638 2412 five
668 2375 770 2408 non
801 2358 869 2406 ita
900 2371 1074 2405 recens
1108 2349 1283 2405 occifis
1319 2349 1609 2420 perforata,
1647 2351 1832 2419 pluries
1872 2352 2234 2411 animadverti,
2274 2350 2327 2402 il-

355 2432 455 2484 lico
488 2429 754 2483 humorem
787 2428 1038 2497 quendam
1072 2424 1554 2494 aqueum-prodire:
1596 2424 1733 2491 quod
1770 2422 1821 2478 δε
1854 2427 1903 2476 in
1935 2423 2142 2476 homine
2170 2421 2331 2474 obser.

356 2523 475 2556 vare
507 2504 630 2555 visus
671 2504 810 2563 sum,
840 2515 993 2568 atque
1040 2497 1170 2551 adeo
1221 2496 1442 2559 credidi,
1478 2495 1622 2564 hujus
1657 2493 1877 2547 humoris
1911 2498 2185 2548 secretione
2217 2512 2331 2566 pro-

356 2576 546 2638 hibita,
586 2574 919 2648 crystallinum
952 2570 1165 2634 siccum,
1205 2570 1258 2625 ἃ
1282 2587 1504 2636 opacum
1539 2568 1649 2620 fieri
1677 2566 1783 2620 fere
1813 2586 1866 2621 ut
1898 2572 1945 2623 in
1979 2568 2331 2630 extrafito2ex-

358 2649 641 2718 ficcatoque
672 2646 954 2718 crystallino
987 2646 1232 2712 contingit
1252 2682 1262 2693 .
1300 2644 1367 2694 Et
1400 2657 1684 2711 quanquam
1718 2640 1836 2694 alias
1871 2660 2033 2713 neque
2065 2644 2112 2692 in
2142 2642 2330 2704 iisdem,

359 2741 526 2794 neque
552 2726 603 2775 in
634 2722 803 2773 multis
844 2735 1089 2790 praeterea
1120 2714 1442 2769 animantibus
1461 2714 1730 2767 humorem
1752 2713 1883 2767 hunc
1916 2732 2330 2785 aqueum,quem

361 2797 425 2849 ab
470 2797 570 2849 aliis
616 2798 663 2848 in
697 2793 907 2865 piscibus
956 2790 1231 2861 majoribus
1270 2787 1660 2841 animadversum
1696 2786 1795 2841 effe
1822 2827 1839 2853 ,
1873 2791 2023 2842 video
2051 2827 2068 2853 a
2110 2787 2332 2842 observa-

359 2888 418 2923 re
454 2872 741 2940 potuerim3
780 2867 906 2920 illud
950 2882 1123 2917 tamen
1169 2860 1463 2916 constantius
1497 2860 1757 2914 observare
1802 2864 2059 2926 consuevi,
2093 2881 2194 2915 non
2226 2880 2331 2914 mo-

362 2942 431 2996 do
464 2947 510 2995 in
543 2941 754 3012 piscibus
784 2979 801 3003 a
853 2956 910 2991 ut
945 2937 1100 3007 paulo
1137 2953 1251 2991 ante
1284 2934 1469 2989 difflum
1502 2933 1571 2988 est
1599 2972 1615 2996 ‚
1668 2933 1841 2987 vestim
1877 2939 2026 2989 etiam
2059 2941 2107 2990 in
2140 2936 2329 2988 caeteris

359 3015 654 3068 animalibus
685 3012 953 3083 crystallini
982 3029 1166 3080 corpus
1214 3007 1319 3078 quo
1365 3012 1520 3078 magis
1565 3006 1625 3060 ab
1670 3011 1910 3062 interiore
1947 3013 2117 3064 medio
2149 3008 2326 3062 nucleo

360 3090 554 3141 recedit
585 3126 601 3150 2
638 3087 702 3140 ed
734 3089 894 3156 magis
924 3123 942 3148 2
977 3085 1231 3154 magisque
1262 3081 1557 3133 mollescere
1588 3103 1600 3135 :
1658 3083 1795 3149 quod
1829 3082 1881 3138 8<
1918 3086 1967 3136 in
2000 3084 2235 3138 resiccato
2264 3080 2333 3130 la-

360 3160 522 3210 mellae
551 3160 818 3213 ostendunt
850 3158 915 3211 eo
949 3161 1110 3227 magis
1140 3154 1356 3209 friabiles
1386 3191 1403 3217 ‚
1443 3159 1545 3222 quo
1583 3158 1859 3209 exteriores
1889 3194 1906 3220 a
1944 3156 1995 3213 ὅ(
2030 3160 2079 3211 in
2110 3155 2329 3214 recenti,

359 3229 617 3283 substantia
649 3235 869 3285 exterior
902 3232 1172 3301 gelatinam
1206 3228 1340 3299 quasi
1375 3228 1653 3298 quandam,
1685 3226 1736 3284 δέ
1769 3230 2022 3284 interdum
2060 3228 2199 3282 vitrei
2246 3223 2330 3277 bu-

2104 3317 2259 3350 moris
