2576 3607
628 212 765 270 DE
829 211 1121 271 VE‘NA
1183 213 1426 272 ΜΝΞ
1473 221 1740 297 PARJ.
2003 235 2078 306 ³7

198 327 374 384 ratus?
410 320 610 376 Scilicet
654 337 710 373 ut
759 321 1188 391 quemadmodum
1234 321 1439 391 paffirn,
1476 323 1558 375 ubi
1605 328 1712 380 ssmt
1746 332 1955 385 carnosae
1985 334 2162 398 fibrae,

198 400 266 455 ibi
295 414 488 451 motum
520 394 630 458 edi,
667 394 985 447 certiffimum
1016 393 1116 462 est3
1156 399 1222 447 ita
1255 399 1301 448 in
1334 396 1526 449 orificio
1569 415 1707 450 venae
1758 400 1860 455 fine
1897 409 2005 474 pari
2040 425 2169 477 quae„

200 474 312 524 dam
354 466 630 520 constric‘iio
669 467 933 520 secundum
974 483 1158 519 naturae
1193 468 1550 538 indigentiam,
1604 485 1754 538 atque
1791 477 2008 529 animalis
2041 481 2168 532 arbi-

196 547 346 596 trium
377 540 485 592 fieri
513 540 683 610 poffit:
724 559 779 593 ac
824 541 1037 610 proinde
1081 540 1319 608 particula
1351 541 1429 594 illa
1483 560 1597 595 cum
1637 545 1829 606 nervis,
1865 548 2056 616 Azygae
2091 570 2164 603 ra-

197 614 361 669 mulos
387 612 691 675 secantibus,
728 611 785 664 fit
829 610 960 681 quasi
1007 611 1204 677 testor,
1243 632 1302 666 ac
1330 614 1624 668 moderator
1658 614 1889 668 refluxus
1922 619 2166 688 sanguinis

200 687 260 741 ab
291 684 686 738 intercostalibus
725 684 952 735 musculis
973 723 984 734 .

267 762 454 826 Neque
485 758 619 810 certe
651 760 759 824 quis
790 755 1136 824 suspicabitur,
1172 757 1500 829 supradistum
1533 759 1855 814 muscularem
1887 763 2166 816 semicircu=

202 830 306 883 lum
341 831 447 882 casu
482 830 699 898 quodam
728 832 777 880 in
819 826 1057 896 aliquibus
1090 829 1347 882 dumtaxat
1374 830 1399 881 a
1432 850 1514 884 me
1546 832 1689 885 fuisse
1719 832 2064 888 observatum:
2104 836 2170 889 af-

199 904 392 956 firmate
428 906 559 955 enim
595 900 874 968 profiteor,
914 918 995 951 me
1040 900 1177 951 illum
1225 905 1275 952 in
1308 902 1520 965 cunstiS,
1560 921 1668 973 quae
1716 906 1875 970 secui,
1916 908 2162 960 cadaveri-

208 975 328 1038 bus,
347 974 667 1044 comperisse:
700 974 854 1022 immo
886 975 1030 1024 etiam
1062 975 1108 1024 in
1139 972 1262 1026 ostio
1293 973 1486 1027 sinistrae
1516 978 1741 1046 Azygae,
1760 996 2007 1048 quocum
2041 999 2166 1035 vena

194 1047 432 1099 subclavia
463 1044 716 1097 interdum
756 1043 1106 1112 conjungitur,
1144 1065 1241 1099 non
1278 1046 1551 1100 absimilem
1587 1050 1816 1103 fibrosam
1848 1071 1965 1107 cum
1998 1057 2162 1107 nervis

200 1119 474 1170 machinam
507 1114 959 1185 deprehendimus,
992 1117 1043 1173 ὅ(
1080 1118 1433 1188 [pestatoribus
1467 1120 1765 1175 ostendimus
1788 1164 1799 1176 .

263 1188 524 1242 Postremo
560 1187 911 1256 pulcherrimi,
959 1188 1318 1259 nifidecipior
1345 1231 1363 1254 ,
1399 1194 1507 1246 sunt
1540 1193 1728 1258 tubuli,
1766 1213 1893 1265 quos
1927 1198 1976 1251 in
2012 1213 2157 1270 parte

194 1262 446 1325 inferiori,
483 1264 562 1314 seu
615 1259 713 1312 bafi
757 1261 1120 1314 inosculationis
1156 1282 1291 1316 venae
1334 1265 1434 1318 {ine
1482 1269 1588 1333 pari
1631 1284 1744 1318 cum
1798 1286 1913 1320 cava
1963 1270 2156 1341 semper

195 1336 565 1407 conspeximus.
605 1337 740 1386 Nam
777 1336 1161 1403 quotiescunque
1191 1355 1299 1388 rem
1329 1336 1499 1389 sedulo
1529 1341 1773 1407 persecuti
1807 1339 2023 1407 fuimus,
2044 1361 2163 1408 num

194 1424 343 1476 quam
376 1427 473 1458 non
520 1424 750 1457 truncum
794 1425 932 1458 venae
977 1410 1209 1477 Azygae,
1243 1408 1294 1463 δε
1329 1413 1616 1479 portionem
1658 1431 1787 1465 cavae
1817 1412 2003 1465 ibidem
2042 1432 2159 1467 cum

189 1478 402 1542 subjesta
436 1479 601 1545 aspera
631 1482 805 1530 arteria
838 1497 1112 1531 connexam
1166 1482 1379 1534 vidimus
1397 1506 1411 1549 3·
1449 1501 1543 1534 nec
1588 1483 1713 1536 vero
1746 1502 1839 1555 per
1878 1484 2155 1556 simplicem

192 1550 551 1612 adhaesionem,
590 1552 670 1602 sed
704 1568 796 1620 per
825 1552 1006 1603 validas
1052 1556 1198 1605 etiam
1240 1553 1424 1617 fibraS,
1461 1554 1512 1609 δε
1545 1560 1731 1608 minuta
1770 1556 1909 1619 vasa,
1949 1574 2057 1626 quae
2093 1558 2156 1609 ad

192 1624 345 1692 usque
393 1627 635 1675 internam
685 1623 895 1675 tracheae
940 1623 1118 1675 faciem
1167 1643 1430 1694 penetrant
1465 1650 1477 1693 3
1515 1645 1572 1678 ut
1610 1629 1821 1697 proinde
1854 1648 1955 1681 non
1990 1630 2157 1682 levem

198 1696 321 1754 mihi
354 1695 710 1747 dubitationem
743 1696 1032 1760 injecerint,
1069 1715 1215 1759 num,
1273 1699 1697 1768 quemadmodum
1744 1701 1978 1752 nonnulla
2011 1721 2071 1753 ex
2101 1705 2158 1753 iis

192 1769 391 1820 vasculis
422 1768 519 1818 esse
550 1769 749 1837 possunt
785 1769 962 1819 ramuli
994 1768 1020 1819 a
1065 1768 1276 1821 tracheae
1325 1770 1583 1823 substantia
1630 1771 1930 1834 referenteS,
1971 1777 2039 1824 ita
2072 1773 2158 1825 ob-

190 1842 315 1893 scuri
360 1841 543 1891 lateant
591 1839 751 1891 aditus
802 1839 863 1891 ab
905 1843 1086 1910 Azyga
1135 1844 1259 1893 intra
1308 1844 1526 1912 asperam
1583 1845 1814 1895 arteriam
1853 1844 2157 1907 inferenteS,

190 1929 317 1981 quos
350 1930 522 1964 natura
558 1909 701 1981 (quae
734 1912 879 1966 dosta
912 1911 1012 1964 sine
1043 1912 1278 1983 magistro
1327 1934 1476 1967 caecas
1528 1915 1701 1978 nobis,
1739 1932 1890 1984 atque
1920 1919 2156 1985 ignotas,

189 1984 277 2036 fibi
311 1984 433 2036 vero
466 1985 770 2050 perspicuas,
810 2003 868 2036 ac
901 1985 1163 2036 notiffimas
1200 1990 1296 2038 vias
1347 1988 1667 2039 extrudendis
1720 1987 2017 2039 morborum
2047 2007 2156 2041 cau-

186 2055 248 2108 fis
274 2058 493 2121 invenit)
538 2058 585 2105 in
612 2072 731 2106 vera
763 2056 1060 2124 pleuritide,
1096 2058 1175 2107 seu
1212 2058 1395 2108 laterali
1432 2057 1638 2126 simplici
1670 2059 1882 2120 morbo,
1921 2076 2013 2127 per
2048 2061 2153 2128 spu,

186 2144 295 2181 tum
331 2127 429 2179 cito
452 2164 469 2190 ,
502 2125 747 2193 facileque
796 2126 1044 2178 desinente
1076 2164 1092 2189 ,
1130 2128 1348 2179 recludat
1382 2166 1397 2190 ,
1437 2144 1588 2194 atque
1627 2132 1842 2200 aperiat3
1881 2146 1937 2180 ut
1969 2130 2153 2183 scilicet

188 2200 406 2253 breviori
435 2202 641 2259 itinere,
680 2199 824 2266 quam
858 2199 976 2250 illud
1026 2199 1177 2261 esset,
1219 2201 1352 2266 quod
1385 2217 1475 2267 per
1508 2202 1675 2252 cordis
1706 2202 1943 2253 dextrum
1971 2207 2151 2254 ventri-

186 2273 349 2324 culum
381 2275 431 2322 in
461 2271 724 2340 pulmones
754 2309 770 2332 ,
822 2270 1085 2332 vesiculas,
1140 2270 1191 2326 &
1220 2271 1456 2324 bronchia
1506 2274 1686 2325 confici
1736 2273 1981 2337 deberet,
2020 2292 2152 2326 mor-

196 2344 396 2397 bificum
432 2342 698 2395 humorem
734 2361 824 2413 per
856 2342 1208 2395 anachatarsim
1252 2346 1471 2396 derivet.

258 2419 342 2470 De
372 2416 467 2467 hac
514 2415 638 2467 vero
689 2415 851 2468 nostra
897 2416 1182 2485 comestura
1215 2417 1562 2468 limatiffimum
1612 2415 1852 2482 judicium
1888 2434 2031 2471 tuum
2064 2437 2146 2471 ex-

189 2493 364 2559 quiro,
400 2491 671 2558 Morgagni
702 2489 1032 2556 solertiffime3
1070 2490 1174 2539 satis
1205 2492 1336 2541 enim
1367 2506 1496 2540 nunc
1530 2488 1651 2540 mihi
1688 2491 1786 2542 esse
1818 2492 2075 2555 duxerim,
2112 2490 2149 2543 fi

190 2560 425 2612 nonnulla
474 2563 557 2612 Te
607 2561 945 2623 admonuero,
989 2579 1096 2630 quae
1142 2562 1463 2631 suspicionem
1507 2579 1671 2613 meam
1719 2561 1904 2616 la&are
1943 2579 2149 2632 quoquo

185 2631 342 2683 modo
373 2632 632 2682 videntur.
670 2635 865 2684 Etenim
903 2634 1012 2684 curn
1044 2633 1166 2683 olim
1201 2634 1385 2703 pluries
1433 2633 1826 2697 observaverim,
1864 2653 2024 2704 aegros
2063 2636 2143 2685 be-

188 2705 339 2772 nigna
374 2701 636 2770 pleuritide
668 2701 948 2755 laborantes
978 2721 1091 2755 ante
1131 2721 1363 2770 quartum
1397 2705 1525 2756 diem
1561 2723 1980 2766 cruentam,m0x
1996 2709 2145 2758 etiam

189 2775 384 2834 albam,
421 2772 744 2839 cofiamque,
797 2790 853 2824 ut
884 2774 1018 2840 ajunt
1049 2810 1065 2833 ,
1105 2775 1362 2841 lympham
1396 2776 1602 2843 spuere,
1642 2792 1794 2841 quam
1831 2793 1930 2825 non
1964 2777 1989 2826 a
2022 2794 2134 2845 pro-

185 2846 339 2899 fundo
371 2844 586 2914 pesloris
620 2844 938 2905 hauriebant,
976 2843 1399 2906 &traducebant,
1438 2846 1515 2895 sed
1557 2845 1582 2895 a
1618 2846 1769 2908 loco,
1808 2861 1957 2914 qnem
1994 2849 2142 2900 scisci„
2189 2888 2192 2893 .

181 2921 304 2970 tanti
338 2915 454 2969 mihi
495 2917 851 2984 indigitatum,
886 2914 971 2966 sub
1015 2914 1211 2977 sternO,
1250 2914 1334 2966 ubi
1382 2918 1563 2985 Azyga
1596 2918 1643 2968 se
1691 2920 1740 2968 in
1775 2935 1942 2969 cavam
1983 2924 2144 2989 aperit

185 2990 314 3054 (hos
344 3006 509 3040 autem
538 3004 650 3040 ante
682 2989 933 3040 decimum
977 3004 1208 3056 quartum
1258 2988 1388 3038 diem
1426 2987 1451 3038 a
1492 2989 1625 3040 malo
1659 2987 1896 3041 liberatos
1934 2994 2145 3045 animad-

182 3066 310 3115 verti
341 3063 361 3124 )
396 3061 503 3113 sane
532 3076 651 3111 tunc
681 3062 900 3129 suspicari
933 3063 1179 3130 coepi,an
1210 3061 1576 3128 compendiaria
1614 3077 1811 3131 pateret
1843 3064 1948 3124 via,
1968 3080 2079 3131 quae
2098 3068 2147 3117 in

180 3133 387 3204 simplici
417 3132 680 3204 pleuritide
710 3131 894 3185 affeffls
924 3148 1014 3200 per
1045 3135 1272 3202 Azygam
1313 3131 1374 3183 ab
1420 3132 1809 3186 intercostalibus
1865 3135 2029 3203 spatiis
2061 3137 2146 3188 du-

187 3224 319 3260 ceret
348 3210 397 3260 in
432 3207 649 3275 asperam
683 3207 908 3257 arteriam
934 3242 946 3254 .

1927 3281 2076 3332 Hanc
