2576 3607
429 238 512 299 46
731 211 1398 291 ADVERSARJA
1463 212 1771 269 AWAT.
1834 210 1950 270 JV.

81 753 135 786 De
164 749 276 787 Utero
294 775 306 786 .

141 826 236 888 51·

149 1139 223 1193 52.

161 2238 234 2289 54

129 2368 310 2419 Operat.

90 2418 205 2457 Chir.
226 2430 263 2456 n.
281 2417 309 2455 l.

89 2481 143 2522 e..
166 2467 313 2507 Obste-

92 2530 185 2559 ως,
222 2530 257 2558 c.
275 2523 308 2557 8.

96 2854 203 2897 lbid.
220 2867 254 2896 c.
268 2869 307 2902 9.

338 328 520 384 echino
552 344 723 381 autem
760 325 933 396 plures
967 323 1154 376 ibidem
1188 338 1416 376 extantes
1446 318 1797 390 glandularum
1828 319 2008 392 plexus
2039 319 2167 372 inter
2185 318 2325 373 disse-

336 402 548 456 candum
589 399 852 455 ostendisse
888 416 1003 463 me,
1040 398 1273 449 memini.

568 536 1770 615 ANIMADVERSIO
1863 539 2104 609 XXV.

333 689 517 844 JAm
548 689 674 745 vero
717 688 853 758 quod
893 685 954 739 ad
991 683 1217 737 Uterum
1256 681 1417 752 ipsum
1454 682 1631 734 attinet
1663 704 1676 748 3
1731 679 1870 749 quod
1916 683 2052 736 illum
2100 685 2331 743 Graafius

449 803 484 830 aa
522 763 827 834 quandoque
862 797 878 822 a
915 757 1036 809 licet
1070 751 1227 807 rarius
1262 792 1278 818 ‚
1314 772 1448 806 nunc
1484 755 1648 822 magis
1678 752 1849 806 versus
1889 755 2115 810 dextram
2145 796 2162 823 ,
2198 777 2332 811 nunc

404 877 440 903 a>
475 841 631 907 magis
665 830 833 886 versus
866 828 1103 883 sinistram
1141 825 1471 898 Hypogastrii
1508 843 1703 897 partem
1733 825 1878 879 fitum
1909 825 2171 884 offendisse
2202 832 2332 896 se,„

335 912 487 977 dicit3
526 913 572 961 id
612 925 712 976 ego
742 904 891 957 semel
926 906 976 956 in
1010 901 1258 971 Virgine,
1285 904 1343 953 'in
1376 900 1675 953 Mulieribus
1712 916 1879 952 autem
1913 900 1986 953 bis
2017 902 2151 966 vidi,
2188 906 2338 973 inpri-

330 984 516 1050 misque
554 985 601 1034 in
636 979 805 1032 Vidua
839 977 1056 1046 quadam
1094 979 1143 1028 in
1176 990 1271 1043 qua
1304 991 1361 1025 ut
1398 991 1532 1027 teres
1577 973 1936 1042 Ligamentum
1982 975 2246 1028 dexterum
2284 975 2338 1028 fi-

332 1054 484 1108 nistro
525 1051 688 1108 multo
729 1052 926 1104 brevius
957 1067 1066 1103 erat
1100 1088 1117 1114 ‚
1168 1052 1234 1100 ita
1271 1051 1320 1101 in
1353 1048 1401 1100 id
1430 1047 1561 1100 latus
1594 1045 1827 1100 Uterum
1855 1045 2018 1100 ferme
2048 1066 2213 1102 totum
2245 1067 2337 1103 tra-

332 1127 518 1181 hebat.
596 1124 763 1192 Quod
796 1142 966 1177 autem
998 1122 1221 1176 absolute
1255 1138 1442 1192 negat,
1482 1119 1640 1175 Uteri
1672 1135 1868 1191 partem
1909 1123 2137 1175 dextram
2180 1123 2205 1174 a
2238 1121 2343 1176 fini-

329 1201 424 1256 stra
459 1196 714 1251 intrisecus
751 1236 785 1263 >a
822 1216 915 1270 per
948 1198 1129 1250 lineam
1161 1194 1375 1263 aliquam
1403 1231 1420 1259 ,
1474 1194 1743 1248 secundum
1778 1196 2152 1267 longitudinem
2182 1196 2339 1249 Uteri

329 1313 364 1340 :a
401 1289 786 1335 excurrentem,
832 1272 1046 1342 separari
1085 1266 1352 1336 (quamvis
1388 1267 1520 1320 illam
1560 1272 1849 1338 opinionem
1881 1270 2108 1340 plerique
2136 1268 2340 1322 foveant

335 1387 371 1414 a>
409 1348 701 1400 Anatomici
730 1348 751 1414 )
793 1344 881 1398 nifi
916 1342 1229 1399 substantiam
1269 1340 1377 1410 ejus
1412 1339 1676 1394 secundum
1715 1342 2082 1413 longitudinem
2114 1343 2347 1395 dissecan-

339 1460 374 1485 a,
412 1421 517 1483 do³
557 1419 737 1472 lineam
774 1419 911 1471 illam
952 1416 1330 1471 efformaverint
1361 1440 1373 1484 3
1405 1453 1439 1479 Ἃ
1479 1434 1579 1487 ego
1619 1416 1724 1467 sane
1766 1416 1854 1468 etfi
1894 1417 1955 1470 ab
1991 1416 2073 1468 illa
2111 1420 2346 1486 opinione

340 1494 494 1564 longe
535 1492 704 1544 absum
726 1517 739 1561 3
761 1510 927 1545 tamen
963 1494 1013 1541 in
1032 1490 1348 1558 Virguncula
1383 1490 1627 1541 tredecim
1660 1507 1816 1540 annos
1844 1508 1957 1541 nata
1986 1492 2208 1541 intimam
2241 1507 2343 1540 non

340 1568 548 1619 cervicis
584 1566 743 1618 modo
779 1603 794 1627 a
835 1565 915 1616 sed
953 1563 1004 1617 ἃ
1042 1562 1183 1614 fundi
1215 1564 1346 1612 uteri
1387 1561 1718 1631 posteriorem
1758 1562 2075 1631 superficiem
2117 1561 2343 1612 bifariam

343 1642 507 1693 inveni
541 1636 807 1692 secundum
849 1636 1218 1706 longitudinem
1255 1634 1454 1687 divisam
1494 1650 1585 1704 per
1621 1634 1805 1686 sulcum
1848 1635 2098 1703 quendam
2138 1633 2345 1703 profun-

343 1714 463 1765 dum
500 1751 516 1776 2
555 1729 710 1780 quem
748 1714 877 1761 inter
919 1708 1261 1760 dissecandum
1303 1724 1403 1758 non
1445 1706 1770 1758 efformatum
1810 1708 1911 1758 esse
1952 1708 1978 1757 ἓι
2015 1724 2099 1757 me
2126 1743 2142 1767 .,
2196 1705 2341 1758 cert&

337 1787 470 1838 scio.
556 1785 656 1836 Sed
698 1784 749 1837 &
782 1799 890 1850 quae
930 1799 1009 1832 res
1047 1780 1276 1834 Graafius
1303 1817 1336 1842 aa
1377 1779 1570 1831 dubitat
1600 1797 1659 1830 an
1697 1778 1807 1830 fieri
1847 1779 2022 1849 possit,
2049 1795 2105 1830 ut
2132 1778 2340 1849 longior

341 1897 376 1923 :³
414 1856 649 1909 videlicet
688 1857 837 1908 Pem's
866 1890 883 1897 -
925 1852 1230 1921 (aliquando
1265 1855 1283 1919 )
1325 1855 1374 1903 in
1406 1851 1624 1904 osculum
1660 1849 1816 1903 Uteri
1846 1853 2187 1905 introducatur
2215 1889 2231 1915 a
2287 1850 2340 1906 &

340 1970 374 1995 2,
413 1930 732 1984 introducitis
778 1927 841 1979 ibi
879 1929 1159 1980 detineatur
1188 1964 1204 1988 3
1239 1964 1273 1989 „2
1325 1924 1431 1994 ejus
1465 1928 1536 1977 rei
1568 1941 1753 1977 certam
1801 1938 2219 1997 compertamque
2253 1923 2342 1976 fibi

340 2003 591 2057 historiam
629 2004 720 2056 Cl.
749 2000 1029 2053 Valsalvam
1065 1999 1207 2052 nobis
1239 1998 1507 2067 aliquando
1548 1995 1792 2063 narrafle,
1825 2001 2169 2050 meminimus,
2243 1998 2344 2049 Ve-

334 2077 445 2130 rum
477 2093 531 2128 ut
575 2081 621 2128 in
658 2073 808 2146 ipsius
840 2072 999 2126 Uteri
1035 2090 1267 2125 anatome
1306 2075 1613 2141 attingamus
1648 2089 1705 2122 ea
1735 2086 1844 2138 quae
1878 2071 2061 2125 Graafii
2095 2069 2197 2119 telae
2230 2068 2258 2121 a
2291 2087 2341 2122 te

337 2150 534 2203 fuerant
568 2147 837 2201 intexenda
872 2170 884 2214 3
943 2147 1003 2197 ad
1038 2145 1280 2197 ulteriora
1314 2183 1331 2207 ‚
1388 2162 1545 2212 eaque
1576 2144 1732 2213 longe
1769 2148 2000 2215 graviora
2041 2161 2342 2214 pergamus,

335 2226 491 2293 {gitur
532 2222 761 2276 Graafius
794 2220 968 2271 docuit
1002 2241 1014 2272 ι
1069 2217 1155 2289 qub
1191 2219 1351 2287 magis
1388 2217 1583 2270 Uterus
1634 2213 1654 2278 <
1691 2214 1723 2267 ἃ
1756 2223 1911 2290 primo
1949 2210 2162 2285 conceptu
2194 2212 2340 2287 usgruc

339 2295 405 2346 ad
429 2310 626 2366 partum
657 2298 677 2361 )
735 2293 977 2344 dilatatur
1004 2330 1020 2354 a
1078 2292 1131 2342 eb
1171 2296 1329 2362 magis
1363 2294 1511 2340 etiam
1549 2286 1804 2359 incrassari
1848 2295 1950 2359 ejus
1974 2287 2302 2359 substantiam
2325 2329 2336 2340 .

336 2371 432 2423 Vir
465 2387 635 2421 autem
672 2367 756 2422 Cl.
798 2368 1048 2418 Henricus
1087 2365 1114 2416 a
1151 2366 1413 2417 Deventer
1446 2401 1462 2426 ,
1499 2367 1582 2431 qui
1611 2363 1720 2433 post
1751 2364 2009 2419 Graafium
2043 2360 2338 2431 diligentissi-

341 2442 420 2494 rne
451 2443 579 2495 hanc
615 2440 935 2510 quaestionem
980 2437 1210 2491 tractavit
1242 2477 1258 2501 ‚
1299 2435 1727 2488 observationibus
1774 2454 1895 2506 quas
1926 2437 2092 2504 saepius
2131 2433 2338 2497 habuit,

340 2513 533 2576 fretuS,
574 2514 827 2574 ostendit,
863 2550 897 2575 aa
947 2512 1179 2565 Uterum
1212 2514 1341 2563 varia
1395 2510 1605 2578 quidem
1654 2510 2000 2579 magnitudine
2048 2508 2107 2561 ab
2140 2511 2337 2578 imprae-

340 2624 377 2650 :a
416 2589 666 2656 gnationis
706 2588 845 2637 initio
881 2586 941 2637 ad
979 2600 1179 2654 partum
1211 2586 1395 2652 usque,
1431 2596 1483 2632 at
1521 2601 1620 2633 una
1660 2585 1942 2651 eademque
1984 2582 2180 2651 semper
2221 2599 2338 2650 gau-

338 2697 376 2723 „
419 2662 542 2713 dere
575 2659 811 2720 crassitie,
850 2691 867 2699 -
902 2675 998 2725 qua
1035 2656 1268 2709 videlicet
1300 2656 1487 2726 gaudet
1521 2656 1640 2706 dum
1674 2653 1835 2707 adhuc
1868 2673 2047 2723 parvus
2078 2655 2335 2722 foetusque

341 2770 376 2795 „3
414 2750 592 2803 expers
622 2731 719 2785 est.
759 2768 796 2792 aa
906 2730 1002 2783 Sed
1047 2745 1213 2797 neque
1246 2729 1480 2783 Graafius
1520 2727 1792 2791 dubitavit,
1833 2732 1948 2798 quin
1981 2728 2061 2780 illa
2091 2732 2139 2779 in
2172 2728 2338 2779 dilata-

340 2810 479 2859 tione
510 2819 660 2856 totum
697 2802 854 2857 Uteri
874 2802 1097 2873 fundum
1123 2803 1543 2856 indiscriminatim
1576 2802 1934 2853 extenderetur
1954 2841 1965 2852 .
2007 2804 2203 2855 Contra
2234 2801 2334 2851 De-

344 2881 565 2932 ventrius
606 2881 903 2947 Ligamenta
936 2875 1092 2928 Uteri
1135 2875 1365 2926 observat
1413 2873 1554 2926 tanto
1598 2870 1797 2926 inferius
1832 2893 1948 2926 cum
1994 2873 2137 2939 hujus
2175 2871 2334 2922 lateri·

344 2951 436 3004 bus
475 2951 704 3004 connecti
739 2954 785 3001 in
837 2947 1208 3018 praegnantibus
1246 2986 1264 3011 ‚
1303 2946 1452 3016 quam
1482 2951 1529 2999 in
1570 2950 1738 2998 vacuis
1766 2984 1783 3008 ‚
1822 2963 1877 2997 ut
1919 2946 2034 2996 inde
2069 2943 2334 3000 conficiar:

347 3043 455 3076 eam
502 3042 696 3096 partem
723 3020 866 3074 fundi
903 3037 1011 3087 quae
1059 3020 1200 3089 supra
1232 3022 1534 3090 Ligamenta
1564 3016 1633 3072 est
1662 3055 1681 3083 2
1718 3016 1901 3089 ocJuplo
1938 3017 2028 3069 vel
2053 3016 2332 3088 duodecuplo

346 3095 461 3166 plits
497 3097 726 3161 extendi³
764 3093 916 3164 quarn
949 3108 1058 3161 quae
1092 3092 1246 3145 infra.

2097 3316 2267 3367 ANI-
