2501 3602
545 186 1368 263 A‘NJMADVERSJO
1450 192 1796 259 XLVIII.
1981 214 2052 263 61

198 308 338 368 *te-im
373 294 438 352 'de
484 291 716 347 industria
756 310 927 348 autem
974 293 1136 365 scripsi
1175 294 1427 366 accessere,
1479 320 1579 355 non
1615 319 1909 373 pervenere,
1947 325 2003 362 ut
2040 309 2153 364 etim

197 373 425 427 brevitati
458 366 716 420 inserviens
746 371 980 438 exiguam
1012 369 1132 420 sacci
1166 388 1366 423 caveam
1401 369 1646 438 sigillatim
1682 399 1781 432 non
1798 399 2151 447 memorarem,

199 464 312 499 eam
349 458 518 494 tamen
554 456 636 492 me
676 460 776 494 non
809 441 1039 505 latuisse,
1074 445 1108 494 ii
1145 444 1231 510 qui
1269 441 1436 514 postea
1474 441 1580 495 haec
1613 450 1945 518 inquirerent,
1980 455 2154 509 intelli-

197 533 320 586 gere
363 533 428 565 ex
461 531 521 565 eo
568 514 794 584 possent,
832 513 970 584 quod
1018 513 1188 567 album
1219 517 1267 568 in
1302 518 1393 568 viis
1446 515 1799 588 lacrymalibus
1834 523 1987 579 amitti
2018 528 2154 581 colo-

194 605 335 650 rem,
373 586 441 638 ibi
470 586 692 638 vidissem
729 586 848 649 ubi,
885 605 988 638 non
1021 584 1229 656 amplius
1267 587 1375 640 alba
1403 626 1420 652 ,
1459 589 1581 642 sacci
1619 609 1770 644 cavea
1805 596 2003 665 incipit:
2045 616 2156 669 quae

197 659 383 711 idcirco
414 657 497 710 hic
532 659 793 722 adnotavi,
827 661 1065 728 quoniam
1094 677 1208 712 mea
1238 659 1321 714 ista
1350 660 1503 714 verba
1532 662 1676 732 supra
1707 664 1958 736 pollicitus
1988 688 2155 734 eram,

197 730 538 800 expositurum
583 751 666 784 me
714 731 858 799 esse3
897 747 1061 801 neque
1104 735 1235 785 enim
1284 734 1347 786 de
1385 731 1485 786 hoc
1519 735 1793 789 admodum
1836 739 2013 793 laboro
2049 757 2156 794 tum

194 821 407 874 propter
436 823 607 857 veram
637 804 757 856 sacci
787 806 1115 874 parvitatem,
1148 821 1255 857 tum
1288 809 1400 874 quia
1434 805 1517 859 Cl.
1546 808 1645 876 ipse
1673 810 1902 864 Anellius
1932 814 2041 865 satis
2073 812 2156 864 ha-

197 877 303 929 buit
335 876 491 930 verbo
529 877 778 939 indicare,
815 893 922 928 tum
966 878 1080 944 quia
1126 876 1341 945 denique
1379 877 1441 929 ad
1492 884 1684 933 eumin
1715 898 1868 950 quem
1910 887 2153 955 ingressus

196 967 334 1003 eram
352 951 659 1013 ,sermonem
679 987 696 1011 ,
714 949 955 999 utrolibet
984 950 1195 1018 accipias
1224 950 1635 1020 modo,perinde
1663 951 1759 1006 est.
1798 957 1877 1009 Ad
1910 977 2026 1009 eum
2065 960 2154 1028 igi.

191 1039 275 1075 tur
290 1024 703 1082 revertenS,ai0,
723 1022 771 1071 in
808 1020 843 1072 Ι.
860 1019 1162 1073 Adversariis
1193 1019 1299 1073 haec
1326 1022 1496 1091 scripta
1527 1023 1653 1076 esse:
1695 1027 1815 1080 Duo
1846 1029 1912 1080 illi
1952 1031 2151 1083 Meatus

183 1093 424 1164 Postquam
453 1127 471 1135 ·
502 1091 575 1142 ad
605 1091 821 1143 canalem
859 1095 941 1163 qui
975 1093 1028 1144 W
1052 1089 1273 1162 fi‘bl'ffl‘o
1304 1091 1396 1164 offe
1432 1090 1722 1166 insculpitur
1737 1137 1754 1162 a
1790 1098 2046 1170 accessere,
2082 1102 2150 1153 al·
2205 1127 2258 1157 De
2297 1134 2400 1158 cana-

184 1163 240 1214 bo
270 1163 394 1235 quasi
423 1183 609 1216 Werveae
646 1159 925 1216 membranae
965 1162 1140 1233 amiſso
1179 1166 1360 1229 colore,
1398 1169 1451 1217 in
1489 1169 1769 1238 ampliorem
1801 1173 2042 1244 confluunt
2076 1189 2147 1225 tu„
2178 1175 2397 1234 [inmomnffi

182 1235 293 1287 bum
328 1235 506 1288 crebris
545 1236 838 1306 fhnguineis
886 1233 1102 1305 vastulis
1121 1276 1138 1301 ,
1176 1236 1237 1297 ό*
1278 1237 1499 1308 fortaſse
1536 1243 1682 1292 etiam
1712 1244 2000 1314 glandulofiz
2032 1244 2147 1314 sub·
2176 1226 2393 1315 ΞΞΖΞΣΜΔΞ

169 1309 356 1379 stantia
407 1306 754 1379 rubescentem.
813 1310 972 1377 Qod
1012 1328 1138 1380 ergo
1186 1313 1355 1379 Major
1402 1312 1599 1366 Dustus
1651 1317 1835 1369 crebris
1872 1319 2147 1389 sanguineis
2164 1303 2392 1371 substaritia·

179 1383 382 1436 vasculis
421 1383 670 1447 abundet,
709 1398 862 1451 atque
901 1382 993 1435 hac
1029 1383 1093 1434 de
1134 1381 1272 1435 causa
1321 1383 1582 1448 rubescat,
1616 1386 1716 1455 jam
1762 1407 1870 1442 tum
1917 1390 2079 1445 fuerat
2119 1393 2145 1444 a

180 1473 265 1507 me
304 1455 641 1522 observatum,
688 1471 837 1525 quem
876 1471 1146 1526 propterea
1184 1457 1269 1508 Cl.
1307 1456 1590 1521 HeisterUS,
1628 1460 1713 1512 ubi
1751 1481 1861 1514 eam
1891 1482 2002 1515 rem
2041 1469 2144 1518 atti·
2173 1461 2267 1504 Diff.
2295 1459 2367 1502 cit.

180 1530 285 1598 git>
324 1547 607 1581 memorare
639 1547 740 1582 non
771 1526 962 1580 omifit.
1019 1528 1182 1595 Qiod
1217 1529 1341 1581 vero
1381 1531 1484 1582 duo
1518 1534 1669 1584 etiam
1716 1536 1917 1587 Meatus
1950 1535 2145 1606 exqmst.
2175 1527 2315 1566 cap-3-

179 1603 230 1650 τὲ
269 1598 542 1670 rubisfiant,
582 1618 744 1669 neque
783 1618 893 1653 tum
924 1600 1331 1664 observaveram,
1369 1619 1531 1672 neque
1580 1605 1640 1656 ad
1673 1603 1775 1657 hoc
1822 1623 2020 1678 tempus
2057 1608 2144 1661 ob-

179 1671 371 1726 servare
403 1677 577 1744 potui,
618 1672 730 1726 cum
761 1675 954 1743 semper
999 1673 1079 1724 vel
1117 1673 1285 1736 albos,
1321 1675 1400 1727 vel
1449 1694 1510 1727 ex
1549 1676 1663 1729 albo
1707 1677 1941 1748 languide
1979 1680 2144 1734 subru-

181 1743 331 1807 bros,
370 1765 428 1797 ac
458 1745 556 1798 fine
589 1745 995 1798 memorabilibus
1029 1745 1254 1798 vasorum
1286 1746 1472 1798 retibus
1513 1750 1644 1801 intus
1677 1751 1913 1803 viderim.
1965 1753 2145 1823 Qiini-

180 1835 275 1869 mo
309 1817 415 1869 haec
450 1819 576 1887 saepe
605 1817 779 1869 frustra
811 1821 859 1869 in
895 1836 1017 1869 vero
1053 1819 1185 1870 sacco
1222 1818 1519 1888 perquisivi,
1555 1839 1611 1873 ut
1652 1838 1804 1891 quem
1844 1824 2000 1895 saepe,
2039 1845 2142 1879 non

179 1906 239 1942 ut
269 1890 470 1941 Meatus
500 1889 735 1958 quidem,
773 1887 1023 1952 albidum,
1060 1890 1213 1958 longe
1250 1906 1416 1942 tamen
1453 1890 1613 1943 minus
1651 1894 1804 1962 quam
1831 1897 2139 1966 superiorem

177 1961 386 2028 Majoris
404 1961 598 2012 Dufflus
628 1978 820 2027 partem
839 1999 855 2022 ,
874 1959 1220 2012 rubescentem
1256 1964 1580 2029 inveni3narn
1610 1965 1902 2020 inferiorem
1935 1986 2138 2038 quoque

180 2030 328 2099 hujus
363 2047 558 2101 partem
589 2032 782 2099 pluries,
806 2049 867 2081 ex
897 2029 1011 2080 albo
1050 2036 1299 2081 cinei-earn
1339 2029 1466 2094 effe,
1502 2036 1632 2086 vidi.
1684 2040 1766 2089 An
1796 2055 1962 2090 autem
1999 2042 2136 2108 glan-

182 2102 351 2155 dulosa
388 2099 643 2154 substantia
679 2099 874 2155 Dufftus
906 2101 1181 2169 parietibus
1218 2102 1459 2165 addatur,
1497 2103 1585 2156 etsi
1620 2121 1676 2157 ut
1711 2109 1761 2159 in
1797 2109 2135 2177 produffloni-

182 2175 274 2227 bus
315 2174 619 2227 niembranae
656 2175 848 2225 narium
896 2172 1040 2225 facile
1077 2173 1343 2226 credebam
1375 2211 1392 2237 ,
1428 2190 1595 2228 tamen
1636 2173 1751 2230 cum
1788 2179 2035 2233 manifeste
2070 2183 2137 2236 sa-

182 2251 274 2311 tis,
311 2245 681 2315 constanterque
718 2265 819 2298 non
864 2246 1195 2316 perspicerem
1226 2284 1242 2309 ,
1279 2244 1411 2298 haud
1459 2249 1616 2300 censui
1651 2266 1747 2319 pro
1782 2270 1837 2303 re
1873 2270 2133 2324 comperta

181 2337 330 2389 atque
360 2319 617 2391 explorata
654 2319 703 2370 id
743 2315 840 2371 effe
884 2319 1171 2387 ponendum
1194 2359 1204 2371 .
1262 2318 1499 2371 Vide-ram
1530 2321 1668 2385 sane,
1705 2325 1841 2390 quod
1880 2324 1932 2380 δε
1973 2326 2132 2394 poste-

179 2391 395 2445 rioribus
433 2395 565 2445 annis
598 2392 730 2453 vidi,
766 2393 946 2461 exigua
978 2390 1110 2458 quasi
1146 2409 1301 2461 grana
1346 2394 1394 2444 in
1429 2392 1682 2461 superiore
1718 2397 1989 2464 praesertim
2025 2400 2131 2451 Du-

179 2464 286 2519 &us
317 2481 458 2536 parte
496 2468 622 2516 intus
654 2468 901 2530 extantia3
939 2463 1112 2516 verum
1143 2463 1250 2516 haec
1278 2461 1391 2516 cum
1418 2464 1544 2534 saepe
1571 2467 1792 2518 invenire
1825 2489 1926 2521 non
1954 2473 2131 2540 potui,

179 2555 290 2589 tum
327 2536 414 2589 etfi
449 2538 641 2607 semper
687 2537 977 2589 invenissem
1008 2574 1026 2599 ,
1064 2555 1163 2589 non
1201 2536 1439 2589 continuo
1488 2554 1656 2590 tamen
1692 2539 1952 2608 glandulas
2001 2540 2132 2606 effe,

178 2607 474 2661 statuissem.
513 2611 646 2673 Qiae
683 2611 851 2662 omnia
889 2610 953 2662 de
983 2610 1085 2679 ipso
1123 2626 1324 2678 quoque
1356 2611 1495 2661 sacco
1533 2611 1659 2664 dista
1695 2628 1906 2680 putato,
1942 2616 1994 2665 in
2031 2631 2133 2682 quo

181 2681 441 2732 dumtaxat
471 2679 582 2731 cum
620 2682 979 2735 Dissertationis
1006 2681 1198 2734 Austor
1228 2697 1382 2748 ponat
1418 2681 1724 2736 substantiam
1760 2686 2132 2755 glandulosam,

180 2771 301 2805 mox
338 2751 446 2804 cum
476 2751 691 2822 probare
728 2751 968 2815 deberet,
1004 2755 1108 2804 satis
1146 2752 1243 2805 effe
1293 2753 1448 2805 credit
1485 2772 1771 2808 memorare
1799 2794 1833 2818 „
1869 2759 2133 2811 minutulas

178 2863 213 2889 „
251 2825 482 2895 quasdam
516 2825 753 2878 extantias
791 2826 1127 2893 aggerrimas,
1161 2824 1409 2877 folliculos
1445 2843 1537 2895 per
1574 2824 1730 2878 finum
1769 2829 1904 2880 durae
1939 2833 2127 2882 menin-

128 2909 133 2912 ’
181 2935 214 2961 3,
253 2901 329 2967 gis
357 2896 769 2968 longitudinalem
802 2896 1039 2966 dispersos
1069 2895 1509 2965 mutilantes-‚quas
1541 2898 1661 2950 ideo
1679 2918 1778 2952 non
1811 2901 1953 2953 aliter
1982 2902 2133 2968 quam

177 3010 212 3034 „
253 2971 568 3042 glandulares
614 2972 879 3040 concipere
915 2968 994 3030 se,
1029 3006 1064 3032 „
1114 2968 1262 3031 dicit,
1297 2967 1516 3030 oblitu5,
1551 2973 1766 3039 opinor,
1794 2983 1977 3025 *eorum
2024 2991 2133 3043 quae

183 3044 296 3096 alibi
329 3042 464 3096 reste
498 3043 730 3111 quidem,
767 3043 847 3094 sed
880 3058 1045 3094 tamen
1078 3057 1132 3092 ut
1165 3038 1399 3093 adversus
1429 3040 1672 3094 Sebaceas
1703 3045 2002 3108 Glandulas,
2032 3048 2135 3099 lon-

181 3118 247 3187 ge
294 3116 381 3169 alia
432 3116 458 3169 a
495 3114 638 3169 nobis
675 3117 864 3168 ratione
904 3112 1225 3176 constitutaS,
1261 3113 1547 3177 immerito,
1583 3115 1745 3168 scribit
1776 3137 1790 3166 ε
1828 3123 2136 3187 quantumvis

172 3185 432 3260 granulofh
468 3188 676 3261 quiedam
712 3189 893 3260 copias&
930 3200 1114 3257 corpora
1148 3221 1164 3229 -
1194 3185 1682 3258 ammaadvertantur·²
1718 3206 1812 3244 non
1835 3205 1925 3262 per
1953 3188 2137 3266 hocsta-

1977 3281 2070 3317 tam

2238 3069 2295 3108 ⁷5·
