2576 3607
449 211 525 266 80
863 209 1853 283 DISSERT-ATJO

354 316 480 369 racis
511 314 638 367 latus
671 314 919 386 produEta
952 335 1117 370 ramos
1149 318 1209 370 ad
1244 319 1499 384 utriusque
1534 319 1688 384 partis
1719 315 2058 374 intercostales
2089 318 2342 375 musculos

356 390 616 460 protendit
649 429 660 440 ,
711 391 763 440 In
794 388 976 442 echino
1007 429 1023 453 ,
1063 391 1114 446 ἅν
1144 410 1289 442 mure
1323 387 1565 452 sinistrum
1601 389 1856 444 dumtaxat
1893 392 2021 446 latus
2057 393 2197 448 illam
2228 410 2341 466 per-

137 490 200 529 De
214 490 332 529 Vena
359 479 592 532 reptare‚
632 462 684 517 &
715 466 948 532 utrinque
978 465 1082 515 suas
1115 466 1416 532 propagines
1451 459 1689 524 mittere,
1709 463 1985 518 observavit
2027 463 2337 522 EustachiuS.

113 537 209 595 fine·
239 537 332 590 pari
361 538 412 588 In
445 536 574 590 bove
605 552 808 599 autem,
848 554 1024 607 capra„
1063 536 1114 590 ἃ
1146 554 1242 587 ove
1270 553 1371 586 non
1402 535 1705 597 solitariam,
1738 552 1846 604 quae
1877 539 1927 590 id
1963 547 2186 593 muneris
2217 558 2340 612 prae-

111 592 333 641 Am¹g·¹²'
360 609 480 673 fiat,
518 609 826 671 venam2sed
857 611 1110 678 geminam
1141 611 1189 658 in
1220 623 1441 675 utroque
1478 607 1697 679 pestoris
1736 627 1860 661 cavo
1894 629 1982 663 nos
2015 616 2166 665 etiam
2204 632 2340 665 com-

113 765 277 809 Ibidem
295 797 304 807 .

360 687 612 753 perimus.
653 681 830 733 Suibus
857 679 979 731 vero
1015 680 1204 750 duplex
1237 680 1440 749 quidem
1474 682 1587 733 data
1617 679 1945 743 est,mirabili
1987 700 2154 739 tamen
2189 687 2341 739 artifi-

364 760 442 808 cio
476 754 736 824 disposita,
774 753 1207 821 quemadmodum
1237 754 1373 805 idem
1409 754 1693 807 Eustachius
1726 758 2103 820 animadvertit,
2140 774 2195 810 ut
2233 757 2337 812 smi-

360 829 455 882 stra
489 830 515 879 a
553 827 768 878 dexteris
803 841 1039 893 quoque,
1076 827 1156 878 sed
1189 826 1509 880 inferioribus
1545 826 1718 891 costis„
1756 830 2046 900 sanguinem
2085 833 2332 900 excipiam

359 903 596 968 Denique
644 897 973 967 gallinaceum
1020 918 1183 970 genus
1233 916 1446 969 quatuor
1479 904 1617 953 venis
1667 920 1842 973 azygae
1881 902 2051 956 officio
2088 902 2334 974 flingenti-

360 974 479 1036 bus,
522 974 759 1039 utrinque
791 971 972 1024 scilicet
1005 973 1160 1035 binis,
1198 975 1465 1044 praeditum
1496 973 1829 1028 offendimus.

433 1044 596 1113 Qod
627 1043 663 1096 fi
696 1060 975 1111 quaeramus
1005 1046 1176 1098 locum
1206 1045 1565 1099 anastomoseos
1598 1048 1816 1114 ejusdem
1834 1053 2029 1121 Azygae
2067 1067 2182 1101 cum
2200 1066 2336 1102 trun-

359 1137 420 1171 co
448 1119 651 1185 majoris
680 1136 847 1186 venae3
890 1139 990 1170 non
1023 1119 1252 1170 omnibus
1287 1120 1417 1170 idem
1456 1119 1553 1171 est.
1611 1122 1663 1172 In
1699 1120 1901 1175 homine
1937 1117 2176 1193 siquidem
2209 1141 2340 1175 vena

359 1191 461 1245 sine
495 1195 599 1262 pari
620 1230 637 1254 a
677 1189 775 1243 sive
807 1196 986 1263 Azyga
1019 1193 1105 1244 ubi
1139 1196 1282 1244 unica
1311 1195 1586 1256 invenitur,
1631 1193 1696 1244 ibi
1733 1195 1927 1265 semper
1966 1216 2079 1249 cum
2119 1196 2339 1263 superio-

359 1270 399 1317 ri
435 1284 553 1318 cava
587 1282 727 1317 extra
761 1267 1096 1336 pericardium
1125 1304 1142 1328 ‚
1199 1264 1251 1320 δε
1287 1267 1430 1335 supra
1470 1266 1690 1334 asperam
1732 1274 1967 1321 arteriam
2006 1268 2337 1322 inosculatur.

355 1340 408 1391 In
443 1338 608 1401 simia„
651 1357 803 1401 cane,
843 1340 893 1395 ἃ
923 1339 1019 1391 fele
1047 1339 1271 1408 jungitur
1304 1358 1416 1390 cum
1453 1341 1628 1391 eadem
1660 1341 1896 1410 superiori
1929 1362 2046 1396 cava
2066 1342 2179 1407 „sed
2207 1345 2341 1395 intra

354 1413 722 1481 pericardium7
777 1412 828 1467 ἃ
861 1429 1023 1482 prope
1060 1413 1316 1463 dexteram
1355 1414 1543 1466 Cordis
1588 1414 1860 1465 auriculam
1893 1455 1903 1467 .
1955 1419 2009 1469 In
2055 1418 2194 1486 equis
2234 1434 2340 1467 uno

353 1483 511 1550 ostio,
545 1487 595 1537 in
630 1485 826 1548 bobus,
867 1486 918 1540 δε
949 1484 1112 1537 suibus
1142 1486 1354 1552 duplici,
1410 1484 1581 1538 verum
1617 1486 1677 1539 ab
1714 1489 1923 1541 invicem
1971 1507 2063 1559 per
2100 1493 2339 1541 interme-

354 1559 493 1610 dium
527 1559 801 1610 musculare
830 1560 1024 1629 septum
1067 1559 1252 1621 diviso,
1310 1558 1462 1611 basim
1499 1562 1718 1612 dexterae
1750 1562 1982 1613 auriculae
2015 1562 2334 1632 ingreditur.

334 1633 403 1684 'In
433 1631 716 1685 volatilibus
747 1651 885 1684 venae
916 1670 931 1694 ,
985 1648 1094 1700 quae
1133 1635 1326 1702 Azygae
1364 1635 1526 1684 vicem
1563 1634 1827 1703 stipplent,
1866 1635 1989 1688 binae
2027 1653 2131 1687 tam
2169 1638 2218 1687 in
2259 1634 2338 1687 lae-

350 1724 495 1771 vam„
528 1722 678 1773 quam
712 1708 761 1757 in
793 1705 1055 1756 dexteram
1093 1705 1350 1758 axillarem
1382 1707 1668 1775 sanguinem
1705 1704 1969 1759 effundunt
1990 1748 2002 1760 .
2045 1710 2181 1776 Qae
2211 1706 2340 1759 vero

352 1781 403 1829 in
436 1778 722 1831 hominibus
754 1775 935 1829 sinistra
969 1777 1234 1845 aliquando
1270 1780 1548 1841 invenitur,
1586 1782 1636 1831 in
1665 1778 1842 1831 laevam
1875 1780 2168 1833 subclaviam
2205 1781 2252 1832 se
2288 1779 2337 1832 se

355 1869 626 1904 exonerat.

429 1925 553 1975 Haec
584 1921 776 1993 porro,
813 1921 1074 1991 multoque
1107 1922 1309 1977 forsitan
1343 1926 1483 1994 plura
1514 1926 1563 1977 in
1601 1928 1787 1977 caeteris
1807 1926 2134 1979 animantibus
2172 1927 2338 1978 discri-

354 1997 490 2048 mina
522 2000 923 2068 proprietatum„
964 2015 1023 2047 ac
1054 1999 1398 2049 conditionum
1431 2015 1569 2050 venae
1605 2001 1829 2066 Azygae,
1868 2002 2102 2066 quoniam
2133 2018 2159 2049 a
2194 2015 2335 2051 natu-

354 2088 409 2122 ra
440 2088 542 2121 non
575 2088 709 2120 caeco
743 2070 881 2130 casu,
917 2070 996 2119 sed
1032 2070 1221 2120 summa
1249 2068 1517 2132 industria,
1553 2087 1611 2120 ac
1642 2069 1933 2123 mechanica
1973 2074 2209 2140 exigente
2247 2090 2332 2123 ne-

357 2142 574 2194 cessitate
603 2141 804 2193 fuerunt
832 2140 1046 2193 instituta
1075 2179 1091 2203 ‚
1140 2144 1399 2211 ingentem
1438 2141 1587 2203 sane,
1651 2144 2049 2211 immensumque
2096 2161 2337 2215 campum

355 2214 479 2267 mihi
514 2219 797 2286 aperirent³
835 2218 882 2266 in
929 2231 1030 2284 quo
1065 2231 1230 2265 tecum
1262 2252 1278 2277 a
1317 2216 1415 2269 Vir
1459 2214 1759 2279 doftiffime,
1799 2217 2123 2284 disputando,
2163 2219 2340 2286 vagari

353 2289 542 2352 libere,
595 2307 686 2341 nec
716 2286 818 2339 fine
850 2288 1018 2356 aliquo
1052 2288 1342 2340 eruditionis
1374 2287 1537 2340 fructu
1573 2288 1747 2339 liceret
1784 2328 1794 2339 .
1847 2292 1918 2341 At
1957 2289 2116 2350 vero,
2159 2287 2271 2340 cum
2311 2289 2340 2340 a

357 2363 440 2413 Te
483 2363 542 2414 ad
578 2361 851 2413 humanam
888 2362 1145 2412 dumtaxat
1191 2362 1426 2429 Azygam
1475 2361 1857 2429 expendendam
1911 2360 2172 2414 accersitus
2211 2359 2339 2428 fim3

357 2435 406 2486 id
438 2436 575 2485 certe
607 2437 771 2486 oneris
803 2432 948 2484 tanto
979 2432 1186 2484 alacrius
1215 2433 1421 2502 suscipio
1462 2429 1480 2495 (
1513 2435 1702 2483 utinam
1735 2432 1965 2484 sustinere
1998 2433 2212 2484 firmiter
2229 2434 2340 2501 pos-

358 2505 448 2559 sim
479 2511 501 2574 )
539 2507 729 2574 quanto
765 2509 925 2575 tnagis
954 2505 1216 2574 intelligo,
1270 2504 1510 2572 ejusmodi
1540 2521 1716 2555 venam
1753 2506 1884 2572 apud
1922 2504 2149 2556 homines
2189 2511 2344 2574 pecu-'

357 2580 466 2630 liari
496 2579 705 2630 artificio
738 2578 1020 2630 instruebat
1065 2577 1236 2639 fuisse,
1290 2580 1475 2646 quippe
1523 2579 1606 2644 qui
1652 2579 1980 2645 respirationis
2024 2582 2222 2644 organis
2259 2580 2333 2629 uti

359 2652 670 2714 debuerant,
710 2669 818 2703 tum
849 2651 906 2703 ad
940 2668 1118 2702 vocem
1152 2648 1464 2715 multifariam
1499 2650 1806 2702 excitandam
1829 2688 1845 2711 2
1903 2647 2338 2719 fleflendamque,

359 2742 468 2776 tum
502 2727 563 2778 ad
597 2727 791 2787 varios,
842 2743 898 2775 ac
930 2723 1058 2793 pene
1091 2726 1380 2774 innumeros
1422 2728 1645 2791 corporis
1674 2761 1691 2785 ‚
1744 2741 1803 2773 ac
1834 2723 2082 2793 praecipue
2118 2723 2341 2775 thoracis

359 2799 585 2850 edendos
617 2813 938 2859 motus‚tum
976 2797 1191 2865 denique
1226 2796 1285 2846 ad
1321 2795 1590 2846 nonnullos
1623 2794 1843 2864 pe&oris
1876 2796 2082 2847 morbos
2114 2814 2206 2865 per
2232 2814 2341 2847 ana-

361 2869 622 2923 catharsim
653 2867 992 2940 profligandos
1024 2893 1034 2920 :
1091 2868 1194 2937 quo
1233 2870 1394 2938 magis
1436 2868 1687 2930 admiror,
1730 2886 1905 2919 venam
1945 2871 2180 2939 Azygam
2221 2866 2335 2937 post

362 2944 613 2997 detestum
645 2943 887 3011 sanguinis
918 2941 1188 3003 circulum,
1227 2940 1433 3012 perinde
1468 2938 1603 3006 quasi
1636 2943 1839 2991 omnino
1872 2941 2099 2993 inutilem
2120 2980 2136 3004 a
2171 2959 2228 2991 ac
2259 2958 2336 2992 ve-

360 3016 536 3068 tustate
566 3015 781 3085 quadam
813 3016 1185 3066 evanescentem
1217 3052 1235 3077 a
1289 3016 1440 3065 etiam
1473 3015 1523 3064 in
1563 3011 1847 3065 hominibus
1887 3013 1913 3065 a
1952 3013 2201 3066 nonnullis
2235 3013 2337 3062 Au-

364 3087 583 3140 &oribus
615 3088 760 3140 fuisse
798 3087 1074 3157 neglefflam
1095 3125 1106 3137 .

435 3163 605 3228 ltaque
636 3180 760 3212 vena
791 3163 975 3213 Graecis
1004 3162 1246 3228 Azygos,
1299 3161 1487 3213 Latinis
1519 3156 1639 3217 vero
1683 3156 1780 3212 fine
1826 3160 1968 3230 pari,
2005 3159 2083 3209 seu
2123 3156 2222 3207 sine
2257 3174 2337 3207 co-

361 3233 521 3303 mite,
574 3233 738 3286 locata
770 3232 838 3287 est
870 3237 919 3287 in
961 3231 1273 3303 homiitibuS‚
1328 3250 1385 3305 ut
1420 3230 1584 3303 probe
1621 3230 1771 3296 nosti,
1813 3250 1938 3284 intra
1979 3230 2237 3349 thoracenf]⁴
2273 3228 2334 3280 ad

2134 3317 2255 3352 iaci-
