2501 3602
97 2658 210 2691 mum
228 2663 291 2692 22.

420 215 498 262 ⁶0
697 194 1372 274 ADVERsARJA
1440 193 1759 256 AWAT.
1819 194 1938 257 VJ.

328 317 404 369 bis
440 331 570 385 opus
602 309 671 366 est
709 316 732 368 ἓ
787 309 989 382 quando
1020 328 1122 364 non
1170 304 1347 362 modo
1380 305 1481 375 ipse
1532 302 1700 358 testari
1729 303 1956 377 possum,
2009 324 2071 361 ex
2102 322 2208 378 quo
2240 303 2317 361 rei

328 390 619 442 anatomicae
653 384 813 440 studio
842 404 923 437 me
960 383 1120 437 addixi
1152 420 1170 445 a
1209 379 1392 433 nullam
1421 375 1743 448 perlustrasse
1775 377 2044 434 humanam
2083 398 2316 434 caruncu-

327 463 433 515 lam
470 456 744 514 secundum
793 474 1021 511 naturam
1067 456 1114 507 se
1159 451 1431 505 habentem
1467 485 1486 513 ,
1524 451 1643 520 quin
1696 449 1826 521 pilos
1860 452 2047 522 aliquot
2077 473 2139 506 ex
2171 451 2322 524 ipfius

329 534 537 589 acinulis
579 531 858 605 prostantes
895 527 1230 600 perspexerim
1258 560 1276 586 ,
1316 539 1537 591 quorum
1593 524 1800 592 quidem
1851 525 2162 592 acinulorum
2202 523 2319 578 cum

328 611 496 671 duos,
530 606 611 659 vel
653 622 755 660 tres
787 605 849 655 ad
881 600 1038 670 ipsum
1070 594 1274 648 inferius
1307 595 1586 649 carunculae
1616 597 1781 660 latus,
1817 596 1899 650 sed
1933 596 1994 649 ab
2026 596 2116 651 hac
2155 616 2327 652 tamen

327 684 534 756 prorius
589 677 830 745 sejunctos
866 681 1028 740 nuper
1057 669 1270 723 viderim
1299 708 1318 734 ,
1369 688 1432 722 ex
1467 671 1524 721 iis
1559 684 1768 739 quoque
1815 668 2040 723 fimiliter
2079 670 2323 726 exstantes

332 757 465 826 pilos
497 750 757 819 conspex13
800 745 880 797 sed
914 760 1160 815 praeterea
1203 760 1382 796 omnes
1413 743 1569 796 sciunt
1601 745 1688 812 qui
1730 741 1906 797 nostris
1937 741 2146 813 publicis
2175 781 2191 807 ,
2231 746 2327 814 pri-

331 827 514 881 vatisve
551 822 730 873 harum
777 819 998 871 Partium
1045 814 1545 870 demonstrationibus
1590 813 1782 870 affuere
1815 854 1832 880 ,
1868 818 1916 870 se
1956 816 2158 869 eosdem
2194 854 2210 879 ,
2246 835 2329 869 me

328 897 650 956 ostendente,
682 893 878 961 semper
909 891 1080 945 vidisse
1104 930 1115 942 .
1155 890 1494 961 Qiapropter
1527 891 1698 943 mirari
1725 890 1834 943 satis
1866 906 2101 959 neque0‚
2135 889 2324 943 Disser-

330 971 530 1023 tationis
560 965 874 1028 Auctorem,
915 966 1000 1034 qui
1026 1002 1061 1027 aa
1098 980 1199 1035 ope
1230 963 1481 1035 praecipue?
1514 965 1833 1033 microscopii
1867 963 2087 1017 acinulos
2123 962 2328 1033 glandu-

329 1081 366 1108 Ὢ
402 1042 530 1096 lares
558 1079 594 1104 ³,
645 1039 873 1091 humanae
924 1036 1204 1089 carunculae
1250 1040 1458 1107 agnovit
1489 1074 1506 1099 ‚
1559 1040 1904 1106 prominentes
1940 1056 2004 1090 ex
2052 1035 2169 1106 ipfis
2198 1035 2331 1107 pilos

329 1135 433 1170 non
468 1112 773 1183 conspexisse-
805 1133 820 1178 ·‚
857 1128 958 1180 ego
990 1112 1123 1161 enim
1156 1108 1220 1161 ad
1250 1109 1432 1162 horum
1468 1106 1800 1162 ostensionem
1837 1110 2179 1180 microscopio
2211 1128 2333 1161 nun-

329 1205 482 1259 quam
508 1189 620 1241 -sum
667 1185 777 1237 usus
807 1222 825 1247 ,
879 1182 960 1235 sed
990 1181 1263 1234 caruncula
1293 1184 1424 1234 inter
1464 1179 1725 1250 inspecturi
1756 1183 1959 1235 oculum
1990 1221 2008 1246 ,
2060 1182 2112 1238 ὅ(
2161 1181 2335 1234 lumen

329 1260 535 1325 oblata,
570 1276 628 1313 ut
670 1259 774 1328 ejus
803 1254 1272 1328 superficiem,non
1303 1253 1646 1324 desuper,sed
1685 1255 1714 1307 e
1751 1256 2020 1308 transverso
2053 1255 2334 1325 inspiceret,

330 1337 507 1388 monui
545 1357 559 1401 3
613 1334 785 1402 itaque
825 1348 912 1383 eos
948 1327 1111 1382 cuncti
1154 1330 1327 1382 videre
1358 1367 1370 1380 .
1426 1328 1542 1379 Hac
1576 1341 1783 1397 quoque
1827 1330 2031 1381 ratione
2067 1326 2334 1396 postquam

332 1409 437 1481 ipse
472 1406 815 1478 conspexerit,
855 1404 923 1455 sat
954 1403 1051 1455 scio
1081 1440 1099 1465 ,
1139 1400 1192 1473 ὃς
1224 1405 1273 1454 in
1303 1400 1520 1453 humana
1555 1400 1824 1454 caruncula
1864 1401 2014 1452 locum
2044 1400 2154 1454 illos
2191 1398 2329 1453 habe·

331 1499 417 1544 re,
457 1480 843 1541 concessurum,
881 1476 933 1532 &
965 1473 1109 1543 hujus
1144 1474 1459 1529 'a-‘cinulorum
1492 1474 1694 1540 oscula,
1731 1492 1823 1545 per
1857 1474 2336 1545 quaevidelicetfflt

331 1558 383 1607 in
419 1553 524 1605 aliis
557 1551 728 1604 multis
757 1551 970 1604 sebaceis
1000 1547 1251 1619 glandulis
1279 1586 1297 1613 2
1354 1546 1447 1620 ipfi
1480 1547 1570 1620 pili
1611 1550 1866 1620 prodeunt
1901 1587 1918 1613 ‚
1972 1567 2075 1603 non
2123 1544 2334 1620 amplius

331 1643 638 1697 negaturum
660 1664 672 1678 .

492 1768 1700 1842 ANIMADVERSIO
1801 1767 2182 1838 XLVIII.

336 1951 373 1977 ᾖ,
528 1912 621 1967 Ost
653 1911 934 1964 carunculae
967 1909 1379 1981 perquifitionem
1423 1909 1712 1980 ingrediens
1740 1907 1841 1977 jam
1877 1909 1928 1961 in
1965 1907 2138 1964 <iustus
2171 1907 2333 1976 lacry-

338 2020 371 2049 2„
564 1986 718 2038 males
747 1982 979 2036 laterales
1007 2020 1025 2045 2
1060 1982 1113 2037 &
1146 1981 1428 2034 eorundem
1460 1982 1755 2033 concursum
1790 2018 1808 2043 ‚
1858 1979 1939 2032 seu
1968 1982 2157 2033 saccum
2191 2017 2208 2043 ‚
2251 1982 2338 2032 du-

337 2094 373 2121 „
411 2058 653 2125 &umque
682 2056 797 2107 inde
828 2056 890 2107 ad
920 2072 1065 2106 nares
1100 2053 1428 2121 elongatum,
1467 2054 1668 2105 intimos
1695 2069 1878 2104 eorum
1911 2055 2142 2105 omnium
2183 2053 2340 2124 parie-

338 2166 372 2195 ,,
409 2145 485 2180 tes
517 2126 761 2196 exquisite
790 2126 1107 2180 rubescentes
1138 2124 1398 2178 oblervare
1426 2124 1505 2188 se,
1544 2124 1696 2189 dicit,
1737 2121 1819 2176 seu
1860 2124 2049 2178 retibus
2077 2123 2334 2178 vasculari-

338 2239 374 2268 y,
410 2200 506 2255 bus
535 2200 904 2267 refertiffimos3
945 2198 1196 2268 praecipue
1229 2201 1279 2251 in
1309 2192 1484 2261 sacco,
1521 2196 1575 2252 δε
1612 2197 1964 2268 longitudinali
2000 2196 2150 2252 duclfi
2183 2236 2200 2262 a
2238 2198 2343 2265 qui-

339 2314 374 2341 „
410 2275 504 2328 bus
547 2276 745 2344 insuper
796 2272 1301 2327 fibroso-musculares
1346 2269 1638 2325 notabiliter
1691 2271 1854 2323 insunt
1886 2294 1899 2338 ·,
1937 2271 2179 2341 peculiari
2216 2270 2341 2323 ulte-

342 2386 378 2413 „
414 2346 518 2400 rius
550 2346 809 2401 substantia
839 2344 1418 2417 spongioso-glandulosa
1465 2348 1517 2396 in
1561 2341 1705 2397 sacco
1734 2343 1932 2413 praediti
1954 2383 1965 2395 .
1996 2381 2032 2407 „
2070 2346 2182 2415 Ego
2218 2341 2345 2396 vero

343 2419 567 2494 primum
604 2421 743 2488 quod
779 2420 839 2472 ad
872 2436 1074 2471 carneas
1106 2418 1258 2472 fibras
1290 2422 1498 2479 attinet,
1538 2416 1629 2468 etsi
1659 2433 1835 2469 omnes
1871 2416 2071 2487 prorsus
2108 2416 2239 2469 haud
2271 2414 2342 2467 fa-

344 2495 447 2547 cile
482 2495 774 2563 negaverim
807 2516 821 2560 ‘⁷
858 2509 934 2544 tot
971 2493 1109 2543 certe
1139 2528 1157 2553 .,
1193 2489 1246 2546 &
1275 2506 1377 2543 tam
1412 2487 1690 2542 manifestas
1722 2489 1825 2541 esse
1852 2526 1869 2551 ‚
1908 2507 2010 2542 non
2049 2490 2199 2542 video
2232 2526 2249 2552 ‚
2287 2504 2346 2541 ut

345 2583 626 2636 propterea
664 2563 783 2617 istos
815 2566 1034 2634 parietes
1051 2559 1574 2632 fibroso-mufiulares
1602 2558 1885 2613 notabiliter
1923 2562 2052 2627 esse,
2092 2563 2313 2614 dicerem
2333 2600 2345 2614 .

345 2641 435 2693 De
477 2640 684 2707 reliquis
733 2654 903 2691 autem
959 2639 1008 2689 in
1038 2637 1073 2687 I.
1107 2635 1410 2688 Adversariis
1442 2650 1500 2685 ut
1533 2635 1629 2701 jam
1661 2652 1772 2687 tum
1807 2634 2189 2689 observaveram
2222 2673 2239 2698 a
2276 2637 2347 2687 ita.

346 2711 546 2784 scripsi:
582 2721 690 2763 Duo
729 2724 916 2762 meatus
950 2711 1005 2761 in
1037 2725 1147 2780 quos
1179 2725 1234 2758 ea
1251 2707 1507 2778 foramina
1540 2705 1677 2771 (hoc
1707 2707 1778 2761 est
1809 2707 1991 2776 puncta
2028 2708 2343 2779 lacrymalia)

351 2785 709 2856 producuntur,
743 2819 760 2828 -
775 2782 1017 2856 postquam
1049 2781 1353 2834 carunculam
1383 2781 1693 2849 lacrymalent
1738 2786 1868 2833 mter
1892 2779 1956 2851 fi³
1992 2783 2203 2834 mediam
2223 2781 2346 2852 fer&

349 2861 648 2931 excipientes
679 2855 824 2921 (sunt
862 2859 997 2910 enim
1029 2854 1136 2926 ipsa
1169 2855 1323 2926 paulo
1359 2857 1670 2923 exteriores)
1711 2855 1781 2905 ad
1806 2856 2016 2907 canalem
2046 2858 2127 2927 qui
2158 2859 2211 2908 in
2233 2850 2347 2925 sub-

348 2933 477 3002 jel‘t'o
510 2927 600 3002 offe
643 2927 964 3003 insculpitur„
1000 2924 1223 3000 acceffere
1259 2948 1277 2988 ,-
1314 2928 1565 2982 brevitatis
1597 2931 1730 2980 enim
1768 2926 1978 2981 studium
2009 2949 2110 2983 uno
2140 2927 2346 2983 vocabu-

350 3006 404 3058 lo
434 3004 486 3060 8(
517 3004 897 3066 lemicanalem,
935 3000 987 3057 ὃ(
1022 3002 1246 3055 canalem
1285 3039 1303 3065 a
1341 3021 1443 3055 uno
1475 3017 1680 3072 quoque
1710 3018 1983 3071 utrumque
2016 3022 2072 3056 os
2110 3021 2172 3056 ex
2207 3013 2343 3071 parte

354 3079 382 3130 a
413 3077 605 3142 latere,
642 3076 697 3134 ὃς
726 3077 753 3130 a
783 3093 934 3146 tergo
971 3074 1389 3146 suppositun]‚ex
1425 3093 1568 3147 parte
1606 3073 1729 3126 infra
1763 3075 2172 3148 circumpositum
2209 3088 2339 3123 com-

354 3149 506 3216 pleni
544 3168 629 3203 me
669 3152 839 3219 coegit
878 3149 1148 3220 praesertim
1195 3145 1300 3201 haec
1330 3168 1393 3203 ex
1425 3146 1730 3219 osteologia‚
1769 3165 1921 3219 atque
1975 3148 2101 3203 adeo
2143 3165 2202 3199 ex
2239 3141 2340 3211 ipsa

356 3218 525 3285 facili,
560 3240 713 3292 atque
759 3223 909 3278 obvia
953 3220 1128 3277 offium
1159 3221 1459 3294 inspectione
1495 3221 1601 3294 satis
1649 3239 1769 3295 nota
1809 3222 1862 3296 δε
1909 3220 2158 3294 perspecta
2197 3214 2342 3281 scien:

2131 3307 2264 3356 tem-2
