2576 3607
225 242 326 311 his
375 235 597 305 studiis
644 253 751 300 me
798 232 983 313 dedi,
1032 231 1127 300 Te
1174 233 1356 301 illam
1404 233 1532 300 tibi
1591 233 1904 322 spartam,
1955 261 2163 330 quam

229 375 363 418 non
409 350 534 416 fine
565 369 819 433 magno
867 347 988 413 Rei
1039 348 1451 414 Anatomicae
1479 398 1499 425 ,
1547 353 1613 414 &
1662 349 1939 418 Medicae
1986 379 2164 423 emo-

226 470 528 532 lumento
564 482 858 540 ornares,
895 460 1199 549 selegiffe,
1234 461 1596 550 Librosque
1620 481 1956 549 propterea
1981 464 2162 534 Tuos

229 581 306 647 de
354 579 576 645 Corde
610 628 631 656 ‚
681 584 745 644 &
791 575 1370 666 Aneurysmatibus
1421 569 1789 646 avidiffirne
1822 623 1842 652 ,
1889 578 1953 639 &
2003 574 2167 645 sum-

228 716 338 760 ma
385 693 672 782 quadam
722 712 909 779 atque
955 693 1323 758 incredibili
1378 714 1534 759 cum
1588 689 1688 778 spe
1734 690 1871 777 jam
1905 708 2054 756 tum
2089 692 2167 754 ab

228 810 547 876 omnibus
598 807 953 895 expectari,
1003 828 1486 891 cognoveram.
1549 805 2006 894 Qlamobrem
2054 826 2167 869 exo

227 925 466 1011 plicare
513 921 732 991 verbis
781 943 920 986 non
975 919 1269 1009 possum,
1318 937 1557 1007 quanta
1605 940 1711 986 me
1772 920 2000 986 laetitia
2032 938 2170 1006 per·-

225 1032 499 1112 fuderss,
548 1028 705 1101 cum
752 1035 821 1100 in
872 1035 1100 1100 litteris
1142 1054 1298 1121 quas
1349 1034 1427 1099 ad
1462 1053 1568 1100 me
1616 1032 1939 1121 superiore
1987 1056 2163 1103 anno

224 1146 347 1214 VI.
393 1150 532 1214 Kal.
582 1149 718 1230 Jul.
768 1148 1032 1228 dedisti,
1081 1147 1412 1235 pollicitus
1460 1170 1556 1225 es,
1596 1144 1691 1212 Te
1736 1147 2066 1211 uberrimam
2101 1150 2168 1211 de

223 1287 368 1328 motu
415 1267 583 1329 cordis
629 1272 928 1329 materiam
973 1261 1142 1352 qudm
1178 1258 1424 1348 primdm
1468 1267 1525 1323 in
1558 1260 1829 1345 sjnopstm
1873 1255 2169 1320 conti-affu-

223 1404 380 1455 rum,
430 1380 860 1467 contraffczmque
902 1380 986 1442 ad
1023 1404 1109 1440 me
1156 1380 1472 1462 miffizrtmz.
1519 1374 1785 1440 Etenim
1825 1376 1930 1442 Vel
1976 1395 2060 1437 ex
2096 1394 2168 1438 ea

223 1491 686 1559 Differtatione
719 1511 919 1577 quam
969 1496 1032 1554 de
1082 1492 1367 1555 Strufflura
1413 1496 1644 1579 vfhque
1691 1490 2048 1576 Gangliorum
2093 1489 2166 1553 il·-

223 1601 300 1666 lis
337 1623 491 1666 cum
530 1603 756 1666 litteris
790 1602 1183 1683 absolutam,
1217 1601 1652 1692 praeclarisque
1683 1599 1949 1668 Tabulis
1989 1602 2163 1670 Ana-

221 1712 490 1779 tomicis
542 1732 842 1779 ornatam
901 1715 1122 1780 misisti
1157 1765 1176 1792 ,
1224 1734 1298 1781 ut
1331 1735 1416 1779 ex
1472 1737 1545 1778 ea
1590 1715 1794 1782 etiam
1844 1737 2046 1802 quam
2093 1721 2163 1781 de

222 1834 373 1892 Vena
408 1833 527 1911 stne
567 1833 891 1914 pariante
940 1827 1194 1895 miseras
1234 1877 1252 1905 ,
1316 1829 1608 1916 proclive
1658 1828 1829 1894 mihi
1877 1827 1962 1893 est
2007 1829 2162 1899 vera

224 1941 595 2029 conjeclura
653 1939 1009 2028 prospicere
1040 1989 1060 2018 ,-
1116 1934 1321 2028 quam
1377 1943 1583 2007 multa
1617 1993 1637 2020 ‚
1685 1941 1891 2030 quam
1946 1966 2160 2022 nova,

224 2044 428 2136 quarn
465 2050 771 2136 pulchra,
804 2048 1005 2135 quam
1054 2052 1244 2116 utilia
1291 2052 1359 2115 in
1395 2052 1655 2137 copiosa
1686 2053 1835 2131 illa,
1883 2072 2073 2140 atque
2120 2049 2159 2120 ὲ

223 2157 316 2222 Te
354 2159 506 2236 dm,
543 2155 961 2246 multumque
995 2160 1259 2227 traclata
1297 2165 1571 2230 materia
1604 2167 2022 2251 excogitare,
2060 2170 2158 2234 in·-

221 2274 483 2349 venire,
531 2274 877 2351 illustrare,
910 2273 1264 2362 patefacere
1311 2274 1461 2345 Tuo
1508 2278 1631 2345 isto
1680 2281 2155 2357 acerrimO,.&

220 2388 552 2453 excellenti
598 2388 904 2472 ingeniO,
951 2387 1211 2456 summo
1259 2392 1621 2481 conjuneio
1668 2417 1816 2462 cum
1864 2396 2154 2486 judicio,

221 2500 694 2587 industriaque,
741 2501 1068 2587 potueris.
1119 2500 1329 2584 Quod
1378 2508 1443 2569 &
1485 2506 1563 2571 ab
1611 2507 1926 2574 omnibus
1973 2510 2157 2576 intel-

220 2613 460 2694 ligetur
505 2615 624 2699 qui
674 2615 824 2680 duas
876 2615 1010 2680 illas
1058 2616 1419 2684 luculentas
1466 2617 1610 2685 sane
1646 2620 2153 2709 dofflffimasque

219 2721 710 2788 Differtationes
759 2726 1173 2808 perlegerint.
1229 2726 1363 2791 Has
1412 2729 1593 2791 enim
1640 2753 1771 2796 non
1805 2730 2014 2800 solum
2060 2738 2151 2802 ob

221 2835 511 2902 materiae
562 2833 1144 2919 commistionem,
1188 2854 1377 2920 atque
1423 2838 1771 2904 utilitatem
1820 2835 1952 2907 una
2001 2865 2151 2913 cum

221 2950 319 3014 his
370 2947 764 3017 Adversariis
800 2947 963 3024 ed0,
1011 2942 1250 3013 verum
1298 2948 1534 3027 etiam,
1568 2951 1658 3017 ob
1710 2954 1902 3042 idque
1954 2957 2153 3045 potis.

224 3058 501 3140 simam,
547 3081 619 3129 ut
671 3058 961 3147 aliquid,
1005 3057 1053 3123 fi
1106 3058 1330 3129 minus
1378 3059 1457 3129 de
1503 3081 1693 3144 meo,
1748 3083 1812 3132 at
1856 3065 2026 3135 certe
2072 3072 2152 3142 de

1913 3184 2065 3257 Tuo
