2576 3607
640 165 1456 238 ANIMADVERSJO
1562 174 1762 233 VIII.
2024 192 2088 249 13

233 298 347 338 ante
373 297 490 334 eum
539 279 672 332 diem
704 276 973 330 incidissem
1014 277 1097 344 qui
1126 274 1443 327 Terraneum
1472 312 1489 337 ,
1547 293 1631 328 aut
1664 279 1765 345 ejus
1801 279 2052 336 Tabulam
2087 301 2190 337 me-

234 369 483 416 morarer,
519 354 584 404 ita
613 350 697 405 Cl.
732 351 862 403 Viro
889 348 1149 420 respondi,
1187 364 1243 400 ut
1273 349 1336 400 de
1369 349 1627 417 Cowpero
1661 365 1770 418 quae
1798 355 2006 409 sciebam
2023 359 2190 410 omnia

232 425 561 496 significarem
592 448 605 493 3
642 422 780 477 istam
807 440 973 476 autem
1005 421 1253 474 Tabulam
1283 422 1454 473 vidisse
1484 459 1502 484 ,
1554 440 1795 492 negarem
1828 461 1844 485 ‚
1881 428 2098 498 ideoque
2134 445 2191 481 ut

233 500 297 551 ad
327 517 408 552 me
438 499 678 552 Venetias
709 490 1079 566 quamprimum
1108 496 1366 556 mitteret,
1385 496 1534 546 etiam
1572 511 1723 563 atque
1759 498 1911 549 etiam
1946 515 2189 564 peterem.

232 569 371 625 Misit
402 609 419 636 ,
466 572 647 640 inspexi
674 608 691 633 ,
729 569 915 622 contuli
946 605 962 631 ,
998 565 1049 622 δέ
1080 565 1186 620 haec
1219 566 1381 619 statim
1414 565 1635 638 rescripsi
1667 605 1684 629 ,
1725 582 1832 635 quae
1873 573 2109 637 quoniam
2143 574 2194 630 &

233 642 381 696 valde
409 642 510 696 huc
550 646 802 713 pertinent
830 680 847 704 ,
896 641 947 697 &
980 640 1078 708 jam
1113 640 1139 692 a
1188 640 1270 694 CI.
1306 640 1438 692 Viris
1473 643 1555 708 qui
1602 642 1832 693 Diarium
1869 642 2196 696 Eruditorum
2254 646 2420 710 ‚Cim-n.

232 716 383 768 Italiae
413 718 627 770 scribunt
653 754 668 778 ,
719 714 967 784 probante
1001 713 1048 763 id
1087 717 1137 763 in
1167 714 1344 765 litteris
1379 712 1548 782 postea
1598 713 1657 765 ad
1707 733 1787 767 me
1823 716 1944 768 datis
1975 753 1991 778 ‚
2050 732 2198 784 atque
2226 697 2381 792 (ἓξὲξ-ἰ
2396 704 2443 740 T

231 787 467 844 laudante
499 793 754 849 Fanton0‚
789 787 1055 837 Terraneo
1086 800 1252 837 autem
1286 784 1454 839 silente
1485 825 1501 848 ‚
1537 787 1643 839 sunt
1677 787 1809 839 edita
1843 811 1854 854 3
1911 789 2099 840 idcirco
2139 807 2201 839 ex
2386 769 2442 803 '⁷'

232 861 337 929 ipso
369 863 645 916 litterarum
677 857 951 911 nostrarum
994 856 1310 926 autographo
1349 874 1458 925 quae
1491 861 1592 910 ΙΙΙ.
1630 859 1744 911 Kal.
1777 863 1903 931 Apr.
1941 863 2005 914 A.
2043 878 2200 930 1709.

235 933 361 986 datae
391 937 495 988 sunt
525 934 752 986 Veneriis
779 970 796 995 ,
848 930 949 982 ¹nuc:
980 929 1394 983 transcribentur.
1426 968 1460 993 „
1495 933 1579 984 De
1614 930 1807 984 Tabula
1845 949 1993 1001 quam
2029 936 2096 986 ita
2135 934 2201 985 di-

232 1042 268 1069 „
302 1007 514 1076 ligenter
546 1002 738 1068 misisti,
777 1006 960 1075 gratias
990 1021 1088 1074 ago
1120 1020 1243 1073 quas
1272 1004 1469 1071 possum
1500 1041 1515 1065 ‚
1553 1005 1976 1058 cumulatissimas,
2015 1006 2201 1073 Aliqua

230 1116 267 1143 ³>
303 1080 384 1131 illa
417 1099 479 1132 ex
508 1095 650 1149 parte
679 1094 796 1131 cum
826 1079 1193 1148 Cotvperiana,
1230 1095 1292 1129 ex
1332 1076 1491 1146 aliqua
1525 1095 1639 1128 cum
1683 1096 1794 1130 mea
1830 1080 2095 1140 convenit,
2133 1096 2196 1129 ex

229 1187 264 1214 a>
302 1156 438 1206 omni
471 1169 614 1222 parte
647 1171 761 1205 cum
791 1152 996 1205 neutra.
1047 1153 1184 1202 Nam
1225 1166 1388 1218 neque
1433 1153 1629 1201 tertiam
1668 1151 1927 1218 Coivperii
1982 1150 2200 1203 Glandu-

228 1259 264 1288 2,
299 1225 396 1277 lam
422 1264 439 1288 ‚
480 1243 643 1294 neque
672 1224 993 1278 Canaliculos
1025 1221 1230 1275 exhibet
1264 1239 1403 1275 meos
1434 1261 1451 1285 ‚
1488 1225 1768 1293 praecipuos
1801 1221 1913 1274 illos
1945 1223 2058 1274 dico
2088 1260 2103 1284 ‚
2148 1222 2200 1278 &a

227 1332 263 1360 2,
305 1315 431 1367 quos
458 1300 715 1369 praecipuo
747 1316 864 1351 cum
908 1296 1065 1350 studio
1097 1295 1330 1367 proposui
1360 1333 1375 1356 ,
1430 1294 1647 1366 primum
1684 1295 1919 1347 videlicet
1950 1294 2190 1363 majoreS,

227 1403 266 1432 2,
303 1388 410 1423 tum
441 1371 693 1441 ellipn'co,
731 1389 814 1425 aut
845 1369 1163 1440 triangulari,
1203 1386 1303 1419 non
1334 1367 1460 1430 alio,
1498 1367 1692 1421 hiantes.
1722 1368 1954 1430 orificio,
1994 1367 2054 1421 ad
2091 1367 2196 1419 haec

231 1476 265 1503 2,
302 1442 472 1512 (quod
507 1443 619 1515 ipfis
649 1447 806 1512 magis
835 1440 903 1494 est
932 1441 1183 1512 peculiare
1209 1442 1231 1506 )
1273 1442 1323 1493 in
1353 1442 1528 1494 eadem
1561 1460 1738 1493 omnes
1776 1440 1912 1494 resta
1942 1440 2103 1502 linea,
2142 1440 2194 1496 δέ

231 1547 266 1574 ,,
304 1520 352 1567 in
384 1534 448 1566 eo
479 1516 594 1567 loco
628 1515 916 1568 constitutos
946 1531 1045 1582 quo
1075 1516 1122 1565 in
1151 1514 1268 1565 loco
1298 1515 1581 1566 transmissae
1598 1512 1831 1565 Urethra
1868 1512 2080 1565 Tabulae
2114 1514 2199 1565 dis-

232 1619 267 1647 „
302 1587 427 1641 festa
456 1585 522 1638 est
558 1627 568 1637 .
610 1590 733 1640 Non
759 1588 923 1638 dicam
957 1623 974 1647 ‚
1014 1584 1418 1638 Canaliculorum
1449 1589 1690 1639 internam
1726 1584 1903 1637 faciem
1932 1623 1949 1648 ,
1989 1601 2196 1654 quaeque

230 1689 266 1718 2,
300 1661 348 1709 in
381 1676 437 1709 ea
466 1658 602 1719 sunt,
642 1656 734 1707 hac
763 1662 813 1708 in
845 1657 1045 1709 Tabula
1074 1675 1174 1708 non
1209 1660 1457 1723 proponi,
1497 1673 1661 1724 neque
1694 1657 1839 1720 addi,
1874 1676 1933 1709 an
1970 1659 2195 1723 semper,

232 1762 265 1791 2,
302 1730 574 1798 iisdemque
603 1729 796 1799 semper
823 1729 988 1798 figura
1019 1766 1036 1790 ‚
1073 1727 1419 1796 magnitudine
1445 1766 1461 1791 2
1500 1728 1762 1780 intervallo
1795 1766 1812 1792 a
1850 1731 2025 1782 ordine
2057 1747 2196 1798 repe-

229 1836 266 1863 „
306 1802 523 1866 riantur,
563 1819 712 1872 quem
739 1818 985 1872 praeterea
1016 1800 1284 1853 humorem
1316 1838 1332 1863 a
1372 1800 1424 1856 ὃς
1455 1818 1555 1870 quo
1587 1798 1888 1869 potissmium
1926 1818 2194 1872 tempore,
2222 1848 2225 1850 .

230 1907 263 1936 2,
303 1868 572 1945 quibusque
600 1876 662 1928 de
698 1873 849 1929 causis
874 1913 892 1938 2
946 1873 996 1929 ὃς
1028 1878 1076 1927 in
1112 1890 1236 1942 quos
1268 1873 1376 1925 usus
1410 1877 1640 1926 emittant
1667 1912 1684 1937 ,
1724 1891 1934 1944 quaeque
1966 1894 2065 1945 ego
2109 1893 2196 1926 cae-

233 1981 266 2009 ),
302 1967 406 2002 tera
436 1948 494 2001 ea
525 1951 718 2002 ratione
747 1950 852 2001 sum
885 1965 1120 1999 executus
1135 1964 1224 2009 ,ut
1265 1945 1404 1999 sicuti
1434 1949 1586 2015 aequis
1619 1964 1788 2000 rerum
1824 1946 2195 2000 aestimatoribus

238 2054 272 2082 2,
309 2023 506 2090 planum
539 2023 639 2075 esse
669 2021 860 2093 potest„
892 2039 976 2073 me
1005 2020 1115 2072 illos
1148 2022 1366 2088 primum
1400 2020 1777 2084 delineasse2ita
1808 2024 2012 2074 omnino
2043 2023 2197 2074 omni-

233 2126 268 2154 „
304 2095 394 2146 bus
431 2114 531 2146 non
562 2095 764 2166 planum
800 2096 901 2146 esse
937 2113 1037 2147 non
1076 2093 1218 2161 poffit
1246 2132 1263 2157 ,
1322 2112 1404 2146 me
1449 2092 1557 2145 illos
1603 2096 1820 2162 primum
1866 2094 2193 2164 descripsisse.

234 2197 267 2226 2,
304 2166 546 2234 Reliquos
593 2167 716 2219 vero
765 2166 1067 2219 canaliculos
1111 2164 1201 2216 etfi
1238 2183 1336 2234 ego
1389 2182 1593 2233 quoque
1632 2166 1847 2233 majores
1881 2165 1997 2219 alios
2023 2205 2040 2230 ,
2078 2167 2197 2219 alios

153 2293 162 2297 ,
234 2270 267 2298 ,,
306 2241 525 2290 minores
558 2238 831 2302 delineavi‚
871 2238 962 2291 hos
996 2256 1162 2290 tamen
1192 2254 1292 2290 uno
1331 2256 1507 2291 omnes
1544 2239 1958 2290 Foramimtlorum
1994 2242 2196 2291 nomine

233 2344 267 2373 2,
304 2311 596 2381 complexus
625 2312 760 2364 sum:
792 2329 955 2380 neque
985 2311 1076 2362 hos
1106 2313 1393 2380 negaverim
1430 2328 1545 2362 cum
1577 2310 1800 2364 duf'tibus
1830 2313 2079 2379 utriusque
2113 2330 2196 2380 ge-

235 2416 268 2444 „
303 2387 429 2437 neris
459 2384 478 2447 (
514 2384 581 2454 *J
619 2384 748 2439 istius
782 2383 992 2437 Tabulae
1028 2386 1294 2436 convenire
1325 2407 1337 2450 3
1378 2387 1491 2453 quin
1544 2386 1795 2454 gaudem.
1817 2388 1862 2436 in
1902 2385 2073 2436 eadem
2111 2401 2193 2434 me
2266 2388 2294 2444 ⁸(
2321 2390 2347 2444 ’ἵ
2371 2388 2399 2446 λ

154 2464 157 2468 “
230 2486 266 2517 3,
305 2476 419 2510 cum
453 2457 689 2511 industrio
720 2456 870 2529 ipsius
902 2456 1124 2511 Aufiore
1153 2458 1442 2518 incurrisse,
1479 2473 1533 2509 ut
1565 2476 1680 2510 eum
1714 2457 1867 2509 credo
1900 2456 2195 2525 gavisurum,
2222 2440 2438 2532 Χζέῌξῐξῑολ

232 2563 265 2590 2,
304 2530 442 2600 quod
476 2531 528 2586 δέ
565 2531 666 2600 ipse
696 2534 744 2584 in
775 2532 951 2584 eadem
986 2549 1100 2583 cum
1139 2546 1279 2582 tanto
1310 2532 1612 2583 Anatomico
1642 2569 1657 2593 ,
1699 2546 1910 2599 quantus
1948 2527 2017 2581 est
2051 2530 2196 2582 Coxv-
2350 2522 2356 2531 ’
2427 2522 2436 2531 ’

235 2634 268 2662 2,
304 2607 496 2671 petius,
534 2608 827 2657 incurrerit.
888 2605 1022 2672 Qae
1064 2620 1162 2673 ego
1199 2602 1282 2654 hic
1312 2600 1506 2672 scripsi³
1543 2620 1597 2655 ut
1635 2621 1797 2655 meam
1836 2603 1978 2672 super
2011 2600 2083 2652 his
2123 2619 2195 2652 re-

237 2705 271 2733 „
308 2675 396 2727 bus
426 2677 714 2729 sententiam
744 2677 961 2740 bahem,
998 2679 1045 2728 in
1076 2693 1172 2745 qua
1202 2674 1238 2728 fi
1269 2676 1384 2743 quid
1417 2674 1591 2738 fallor,
1632 2675 1716 2727 abs
1755 2691 1804 2727 te
1837 2675 1994 2727 libere
2025 2692 2194 2725 mone-

238 2778 272 2804 ο)
310 2749 380 2807 τί,
418 2752 566 2816 cupio
595 2787 612 2811 2
650 2770 751 2802 non
796 2752 917 2801 tanti
968 2766 1186 2817 unquam
1233 2747 1679 2801 observatiunculas
1715 2767 1877 2811 meas,
1932 2750 2098 2812 quanti
2136 2764 2191 2796 εε-

239 2850 272 2877 ,,
310 2819 564 2885 quum,&
595 2837 769 2870 verum
802 2821 1017 2870 fasturus
1037 2860 1048 2871 .
1090 2819 1253 2881 Quod
1285 2819 1319 2870 fi
1349 2821 1448 2871 ulla
1479 2821 1565 2870 ribi
1596 2839 1707 2869 cum
1740 2821 1867 2869 Viro
1903 2816 1987 2868 isto
2020 2817 2191 2868 Praecl.

240 2923 273 2950 2,
312 2888 332 2949 (
363 2906 512 2957 quem
543 2907 596 2940 ut
631 2891 861 2941 solertem
894 2888 1020 2950 esse,
1062 2890 1238 2948 video,
1276 2892 1338 2939 ita
1373 2889 1644 2940 humanum
1678 2928 1694 2952 ,
1735 2906 1882 2957 atque
1923 2892 2194 2957 ingenuum

240 2996 273 3023 2,
309 2963 437 3024 esse,
477 2962 627 3015 credo
658 2966 679 3031 )
714 2961 1043 3014 intercederet
1078 2962 1320 3021 amicitia,
1357 2961 1488 3027 isque
1518 2965 1565 3013 in
1598 2980 1706 3013 mea
1739 2960 1870 3013 forte
1908 2961 2193 3017 Adversaria

236 3072 271 3097 a>
309 3036 568 3102 incidisset3
613 3051 905 3106 pergratum
936 3033 1155 3095 faceres,
1188 3030 1223 3083 fi
1256 3032 1380 3085 illius
1412 3032 1533 3085 milii
1567 3034 2072 3095 sententiam,meum
2105 3035 2193 3102 ipsi

235 3146 269 3172 Ὦ
309 3111 559 3171 animum,
591 3125 742 3176 atque
784 3104 1052 3159 institutum
1085 3104 1413 3174 significares,
1442 3124 1550 3159 tum
1582 3108 1838 3176 quomodo
1870 3106 1997 3158 illius
2028 3107 2194 3159 Tabu-

235 3221 270 3247 ς,
306 3184 402 3235 lam
432 3200 560 3236 nunc
592 3179 810 3258 primum
847 3181 1092 3244 viderim,
1132 3179 1402 3246 edoceres²
1441 3181 1492 3236 ἃ
1520 3180 1785 3253 plurimam
1824 3179 2037 3248 denique
2070 3185 2192 3234 meis

1951 3291 1986 3318 Ὢ
2015 3270 2120 3306 ver—
