2576 3607
660 200 1493 275 AWJMADVERSJO
1575 208 1718 263 XL.
1838 182 1841 185 ’
2007 233 2079 286 71

210 323 281 380 fic
321 319 505 374 contra'
535 309 621 367 hic
667 312 768 366 illic
804 306 941 365 nullo
987 327 1128 365 certo
1167 311 1371 374 ordine,
1412 311 1841 381 quemadmodum
1891 318 2056 385 pinxi,
2098 335 2182 373 aut

207 396 412 467 sparsaS,
451 405 542 443 aut,
580 385 836 458 congestas
866 384 1170 438 creberrime
1204 385 1371 438 vidisse
1416 403 1531 447 me,
1565 386 1699 436 scio·
1758 386 1932 453 Qatn
1971 392 2176 459 quidem

205 468 447 540 picsturam
479 459 924 532 Experientiffimus
953 459 1277 513 Vallisnerius··
1299 457 1478 511 diserte
1507 458 1777 528 probavit,
1810 458 1862 514 ὃς
1893 478 2066 516 verum
2096 484 2176 518 ea-
2205 469 2413 525 Rtaccoltn

205 557 319 593 rum
363 534 708 589 Veficularum
752 534 893 585 usum
937 532 965 585 a
1009 551 1093 585 me
1139 532 1238 585 esse
1276 531 1564 602 affignatum
1596 570 1612 594 ,
1653 532 1835 584 censuit
1868 569 1884 594 ,
1941 531 1993 587 <Sc
2031 551 2178 602 quen-
2205 519 2397 613 ssmtssss}

207 629 357 682 quam
404 628 487 661 me
533 604 816 677 diligentids
853 605 1150 678 descripsisse
1188 606 1412 668 easdem,
1451 607 1680 675 negavit.
1720 602 1906 659 Noster
1941 606 2066 658 vero
2098 610 2181 662 ubi
2401 602 2415 613 ⁴

206 689 257 738 in
286 704 384 739 una
410 682 651 744 muliere,
688 696 857 749 eaque·
879 696 1126 747 puerpera
1150 717 1167 743 ,
1203 699 1303 732 non
1337 679 1416 732 illa
1450 681 1622 731 omnia
1656 697 1766 749 quae
1800 697 1892 730 nos
1922 677 2176 750 descripsi-

205 775 351 821 mus,
389 757 625 826 agnovit3
663 749 898 806 continuo
931 754 981 804 in
1017 753 1172 821 eade
1204 770 1301 821 qua
1331 752 1471 817 supra
1504 751 1690 805 dietum
1724 751 1820 813 est,
1864 751 2185 806 Dissertatio-

207 850 272 885 ne
306 847 513 883 monere
548 846 648 880 non
691 824 935 877 dubitavit
956 861 973 887 ,
1008 825 1336 876 veficularum
1373 822 1703 875 habitudinem
1741 831 1787 874 ei
1821 843 1918 876 non
1947 825 2098 875 valde
2124 823 2183 889 [ἱ.-

211 903 374 954 mt‘lem
407 894 673 971 observasse
711 915 850 967 quam
877 893 1059 966 scribit
1074 935 1091 960 ,
1126 893 1187 955 ά*
1226 896 1439 948 dell-'neat
1475 899 1528 948 in
1564 895 1871 966 adversariis
1904 898 2022 964 fiais
2053 908 2186 951 Mor·

201 979 446 1048 gagnius;
483 971 616 1042 quasi
645 970 768 1022 vero
819 973 867 1022 in
907 972 1177 1039 puerperis
1222 971 1502 1043 peculiares
1532 990 1635 1024 non
1681 972 1839 1024 essent
1878 972 2029 1023 causae
2071 987 2185 1039 quae

209 1050 361 1103 alium
392 1062 563 1099 earum
603 1041 1029 1108 (manifestiorum
1063 1042 1297 1097 videlicet
1331 1042 1566 1098 faecatum
1596 1046 1617 1113 )
1651 1043 2020 1106 numerum,&
2051 1045 2188 1113 quod

210 1120 557 1188 consequitur,
591 1117 737 1170 aliam
770 1116 1110 1170 habitudinem
1138 1118 1219 1170 vel
1252 1120 1597 1186 requirerent,
1627 1118 1779 1170 osculi
1814 1118 2048 1170 videlicet
2081 1135 2189 1171 ute-

207 1196 300 1246 rini
332 1190 563 1263 angustiae
594 1191 786 1257 majore
819 1193 951 1244 muci
998 1193 1146 1260 copia
1178 1192 1227 1243 in
1262 1207 1403 1261 partu
1440 1190 1774 1253 lubricandae,
1811 1191 1891 1243 vel
1923 1189 2179 1254 facerent,

207 1267 308 1336 ipse
337 1265 575 1319 videlicet
616 1263 775 1318 foetus
801 1305 819 1329 ,
855 1266 942 1334 qui
974 1265 1095 1317 dum
1135 1263 1332 1317 easdem
1367 1264 1609 1333 angustias
1647 1261 1905 1326 distrahit,
1941 1263 2186 1333 plurimas

212 1356 320 1408 quae
349 1337 433 1390 sub
469 1341 662 1391 interna
709 1337 790 1390 illa
837 1338 1098 1404 superficie
1143 1355 1377 1407 magnam
1408 1354 1602 1404 partem
1650 1334 1909 1399 latebant,
1944 1334 2189 1388 vesiculas

208 1414 257 1463 in
286 1429 514 1482 apertum
548 1411 808 1482 producit·⁷
842 1411 1176 1483 Quapropter
1207 1414 1257 1463 in
1289 1428 1347 1463 ea
1378 1410 1634 1480 puerpera
1665 1426 1815 1479 quam
1845 1411 1894 1462 in
1926 1409 2190 1476 superiori-

210 1483 303 1535 bus
331 1482 855 1536 Animadversionibus
886 1486 1300 1546 memoravimus,
1343 1480 1459 1535 edm
1492 1483 1619 1536 illius
1650 1481 1837 1534 disseffi
1873 1481 2023 1535 osculi
2061 1484 2190 1549 peri-

210 1555 388 1627 pheria
420 1555 711 1625 spithamam
743 1555 904 1608 ferme
935 1572 1187 1624 aequaret,
1223 1554 1330 1607 imo
1365 1557 1532 1608 cervix
1565 1557 1663 1625 ipsa
1693 1573 1795 1607 non
1834 1551 1994 1607 mimis
2031 1552 2186 1622 quam

209 1645 411 1690 uterus,
444 1629 543 1680 lata
575 1630 727 1691 esser,
764 1632 967 1681 minime
1000 1633 1204 1681 miratus
1231 1629 1365 1690 stim,
1404 1627 1544 1695 quod
1578 1626 1862 1689 VeficulaS,
1895 1625 1930 1678 fi
1966 1642 2186 1694 unquam

211 1701 358 1764 alias,
397 1700 725 1752 creberrimas
753 1737 770 1762 ,
806 1700 859 1754 δὲ
897 1700 1291 1753 manifestiffimas
1324 1700 1715 1752 observaverim.
1775 1700 1873 1751 Sed
1915 1700 2184 1769 Puerperis

212 1777 399 1838 etiam,
436 1773 756 1841 Gravidisque
801 1772 1021 1842 sepositis
1048 1811 1065 1837 ,
1105 1791 1269 1825 nonne
1300 1791 1363 1824 ex
1392 1769 1550 1826 nostra
1590 1788 1738 1841 quam
1785 1787 1839 1823 tu
1874 1771 2016 1841 supra
2055 1771 2187 1823 exhi·
2307 1782 2346 1819 53

212 1845 383 1911 buisti,
422 1845 770 1902 Veficularum
803 1846 1134 1915 descriptione
1181 1843 1299 1897 nihil
1334 1843 1475 1914 aeque
1509 1861 1744 1915 apertum
1778 1841 1881 1906 est,
1922 1842 2073 1911 quam
2112 1842 2189 1896 his

210 1918 453 1973 Vesiculis
492 1919 704 1971 eandem
749 1937 915 1988 neque
958 1919 1355 1990 magnitudinem
1386 1955 1402 1980 ,
1442 1935 1609 1988 neque
1663 1933 1930 1970 numerum
1966 1953 1983 1979 ,
2021 1933 2192 1985 neque

212 1993 378 2044 sedem
415 1997 461 2044 in
514 1991 697 2045 cunffis
733 1991 959 2047 foeminis
1009 1992 1268 2061 contigisse
1299 2029 1318 2054 ,
1369 1990 1483 2049 imo,
1513 1991 1614 2044 esse
1657 1993 1707 2043 in
1750 1987 1927 2059 quibus
1959 2008 2046 2045 xne
2096 2008 2196 2044 una

214 2065 417 2130 quidem
455 2064 654 2115 illarum
693 2067 974 2137 appareat?
1014 2082 1208 2117 tantum
1257 2061 1431 2125 abest,
1477 2080 1533 2115 ut
1567 2062 1826 2131 mirificam
1866 2061 2004 2115 istam
2042 2077 2195 2129 quam

209 2133 397 2190 Noster
431 2134 661 2190 describit
686 2174 705 2201 ,
748 2139 1098 2206 proportionem
1137 2138 1260 2191 meis
1311 2134 1485 2204 poffim
1536 2133 1959 2190 observationibus
2013 2134 2193 2187 confir-

220 2226 388 2263 mare.

474 2350 1658 2420 ANIMADVERSIO
1779 2351 1937 2418 XL.

383 2495 453 2549 As
483 2494 591 2548 sane
622 2493 690 2547 ob
723 2493 985 2559 causaS,&
1014 2492 1166 2565 longe
1198 2494 1343 2548 aliam
1376 2495 1438 2548 de
1469 2495 1684 2565 ipsarum
1720 2492 2076 2546 Veficularum
2102 2486 2189 2544 na·

418 2585 531 2621 tuta
560 2568 749 2622 Graafii
776 2571 1105 2639 opinionem,
1143 2584 1295 2638 atque
1329 2566 1459 2621 adeo
1494 2567 1717 2621 Ortlobii
1757 2566 2152 2620 observationem
2172 2602 2188 2627 ,
2216 2576 2272 2607 De
2304 2584 2435 2609 earun-

218 2644 398 2691 decere
436 2639 734 2704 existimavi,
769 2657 826 2692 ut
859 2657 1009 2710 quem
1041 2659 1105 2692 ex
1136 2658 1290 2694 muco
1321 2645 1371 2695 in
1402 2639 1515 2712 ipsis
1549 2639 1766 2712 primtim
1800 2639 1826 2692 a
1859 2658 1939 2692 me
1970 2638 2191 2691 observa-
2214 2623 2434 2711 {ffirssfi‘

216 2725 273 2761 to
306 2709 450 2775 hujus
477 2714 764 2765 secernendi
796 2714 932 2765 ustim
964 2715 1153 2780 primus
1182 2711 1447 2776 afferrem,
1468 2732 1585 2766 eum
1617 2733 1720 2766 non
1755 2712 1855 2765 sine
1885 2710 2074 2775 adjeE'ta
2107 2709 2190 2760 du-
2214 2723 2316 2767 Usu.

217 2781 460 2833 bitatione
493 2800 833 2852 proponerem
866 2822 879 2833 .
934 2784 1070 2849 Qae
1107 2800 1274 2838 tamen
1305 2786 1527 2855 pluribus
1558 2786 1669 2837 Cel.
1712 2786 1846 2834 Viris
1876 2818 1893 2842 ,
1949 2781 2001 2834 &
2037 2782 2086 2832 in
2116 2778 2190 2831 his
2259 2841 2265 2848 ,

216 2851 522 2916 Goelickio,
559 2871 710 2922 atque
743 2858 890 2904 etiarn
921 2889 937 2913 ,
976 2869 1031 2902 ut
1065 2853 1209 2915 dixi,
1251 2857 1540 2906 Vallisnerio
1574 2853 1740 2906 nostro
1775 2850 1972 2904 minime
2002 2850 2189 2904 obstitit
2216 2842 2430 2935 Ηῑξέὓῑῑῑ·

219 2926 340 2991 quin
375 2926 636 2995 praeclare3
672 2942 817 2993 quam
849 2921 1147 2995 potiffimum
1179 2927 1228 2974 in
1272 2943 1469 2994 partem
1507 2926 1912 2995 propenderem,
1949 2924 2190 2977 continuo
2215 2907 2253 2934 η’
2334 2911 2368 2942 4‘

222 2995 560 3064 intelligerent
589 3021 602 3065 3
656 3014 712 3049 ut
743 2997 827 3050 Cl.
856 2995 1304 3049 Animadversionis
1336 2996 1528 3051 Austor
1559 3016 1623 3050 eo
1663 2996 1976 3067 supersedere
2011 2995 2187 3049 labore

224 3068 460 3140 potuisset
490 3085 638 3138 quem
672 3069 758 3122 fibi
787 3067 969 3121 iterato
1005 3067 1055 3123 ἃ
1085 3068 1182 3121 hoc
1211 3072 1260 3123 in
1291 3069 1408 3123 loco
1438 3106 1454 3131 ,
1492 3069 1543 3125 &
1573 3073 1620 3123 in
1652 3071 1732 3123 sua
1772 3070 1849 3123 illa
1880 3065 2188 3122 Dissertatio-

224 3160 289 3194 ne
318 3142 494 3204 sumit,
533 3140 658 3212 quod
684 3139 939 3210 hydatia'es
966 3157 1059 3191 non
1072 3139 1176 3208 sint
1203 3140 1387 3210 mucostt
1420 3139 1693 3213 hujusmodi
1717 3144 2047 3213 promptuaria
2078 3180 2094 3205 ‚
2131 3140 2193 3192 id
2213 3130 2430 3222 ngfflfs‘

222 3227 307 3281 pro
339 3226 466 3286 cesto
482 3211 797 3285 stabiliendi3
834 3248 853 3283 ᾗ
882 3226 936 3265 tet
961 3217 1062 3283 jam
1075 3210 1227 3284 sicper
1257 3212 1347 3266 hac
1383 3231 1436 3265 re
1464 3213 1677 3284 ejusdem
1707 3252 1725 3279 ,
1760 3230 1817 3267 ut
1850 3216 2009 3283 inquit
2027 3253 2043 3277 ,
2046 3214 2187 3354 ffqla-
2291 3212 2356 3279 355
2393 3211 2402 3221 “

2012 3305 2057 3337 rt
2102 3326 2112 3338 .
