<?xml version="1.0" encoding="UTF-8"?>
<!DOCTYPE html PUBLIC "-//W3C//DTD XHTML 1.0 Transitional//EN"
    "http://www.w3.org/TR/xhtml1/DTD/xhtml1-transitional.dtd">
<html xmlns="http://www.w3.org/1999/xhtml" xml:lang="en" lang="en">
 <head>
  <title>
</title>
<meta http-equiv="Content-Type" content="text/html;charset=utf-8" />
  <meta name='ocr-system' content='tesseract 3.04.00' />
  <meta name='ocr-capabilities' content='ocr_page ocr_carea ocr_par ocr_line ocrx_word'/>
</head>
<body>
  <div class='ocr_page' id='page_1' title='image "adversariaanatom00morg_0378.png"; bbox 0 0 2501 3602; ppageno 0'>
   <div class='ocr_carea' id='block_1_1' title="bbox 334 180 1913 297">
    <p class='ocr_par' dir='ltr' id='par_1_1' title="bbox 334 180 1913 297">
     <span class='ocr_line' id='line_1_1' title="bbox 334 180 1913 297; baseline -0.009 -6"><span class='ocrx_word' id='word_1_1' title='bbox 334 180 335 183; x_wconf 17' lang='lat'>*</span> <span class='ocrx_word' id='word_1_2' title='bbox 403 242 522 291; x_wconf 82' lang='lat'><strong>126</strong></span> <span class='ocrx_word' id='word_1_3' title='bbox 678 217 1353 297; x_wconf 67' lang='lat' dir='ltr'><em>ADVERSARJA</em></span> <span class='ocrx_word' id='word_1_4' title='bbox 1422 215 1735 279; x_wconf 68' lang='lat' dir='ltr'><em>ANAT.</em></span> <span class='ocrx_word' id='word_1_5' title='bbox 1796 217 1913 278; x_wconf 80' lang='lat' dir='ltr'><strong>VJ.</strong></span> 
     </span>
    </p>
   </div>
   <div class='ocr_carea' id='block_1_2' title="bbox 286 317 2316 2083">
    <p class='ocr_par' dir='ltr' id='par_1_2' title="bbox 286 317 2316 2083">
     <span class='ocr_line' id='line_1_2' title="bbox 299 317 2280 407; baseline -0.007 -18"><span class='ocrx_word' id='word_1_6' title='bbox 299 339 435 392; x_wconf 52' lang='lat' dir='ltr'><strong>flent</strong></span> <span class='ocrx_word' id='word_1_7' title='bbox 453 375 469 399; x_wconf 71' lang='lat'><strong>‚</strong></span> <span class='ocrx_word' id='word_1_8' title='bbox 504 332 582 386; x_wconf 54' lang='lat' dir='ltr'><strong>hic</strong></span> <span class='ocrx_word' id='word_1_9' title='bbox 611 347 864 407; x_wconf 84' lang='lat' dir='ltr'><strong>propterea</strong></span> <span class='ocrx_word' id='word_1_10' title='bbox 903 347 996 383; x_wconf 80' lang='lat' dir='ltr'><strong>non</strong></span> <span class='ocrx_word' id='word_1_11' title='bbox 1034 328 1365 402; x_wconf 70' lang='lat' dir='ltr'><em>explicantur.</em></span> <span class='ocrx_word' id='word_1_12' title='bbox 1405 320 1563 391; x_wconf 75' lang='lat' dir='ltr'><strong>Qod</strong></span> <span class='ocrx_word' id='word_1_13' title='bbox 1597 317 1659 381; x_wconf 57' lang='grc' dir='ltr'><strong>ῤ’</strong></span> <span class='ocrx_word' id='word_1_14' title='bbox 1695 320 1756 374; x_wconf 86' lang='lat' dir='ltr'><strong>de</strong></span> <span class='ocrx_word' id='word_1_15' title='bbox 1777 321 1999 395; x_wconf 70' lang='lat' dir='ltr'><strong>partibas</strong></span> <span class='ocrx_word' id='word_1_16' title='bbox 2034 323 2280 379; x_wconf 76' lang='lat' dir='ltr'><strong>nonnullis</strong></span> 
     </span>
     <span class='ocr_line' id='line_1_3' title="bbox 286 391 2286 484; baseline -0.007 -22"><span class='ocrx_word' id='word_1_17' title='bbox 286 408 517 484; x_wconf 62' lang='lat' dir='ltr'><strong>ficbjeffie</strong></span> <span class='ocrx_word' id='word_1_18' title='bbox 537 406 747 482; x_wconf 77' lang='lat' dir='ltr'><strong>scapulae</strong></span> <span class='ocrx_word' id='word_1_19' title='bbox 765 446 782 472; x_wconf 73' lang='lat'>‚</span> <span class='ocrx_word' id='word_1_20' title='bbox 818 402 1022 476; x_wconf 44' lang='lat' dir='ltr'><strong>aliz-&#39;sque</strong></span> <span class='ocrx_word' id='word_1_21' title='bbox 1041 397 1315 472; x_wconf 53' lang='lat' dir='ltr'><strong>fimilibus2</strong></span> <span class='ocrx_word' id='word_1_22' title='bbox 1347 393 1479 467; x_wconf 75' lang='lat' dir='ltr'><strong>fiquae</strong></span> <span class='ocrx_word' id='word_1_23' title='bbox 1500 394 1642 467; x_wconf 61' lang='lat' dir='ltr'><strong>fort&amp;</strong></span> <span class='ocrx_word' id='word_1_24' title='bbox 1680 391 1741 455; x_wconf 66' lang='grc' dir='ltr'><strong>ό*</strong></span> <span class='ocrx_word' id='word_1_25' title='bbox 1777 401 1832 448; x_wconf 80' lang='lat' dir='ltr'><strong>in</strong></span> <span class='ocrx_word' id='word_1_26' title='bbox 1869 397 2177 452; x_wconf 76' lang='lat' dir='ltr'><em>ulterioribus</em></span> <span class='ocrx_word' id='word_1_27' title='bbox 2215 416 2286 450; x_wconf 86' lang='lat' dir='ltr'><strong>oc-</strong></span> 
     </span>
     <span class='ocr_line' id='line_1_4' title="bbox 301 469 2291 554; baseline -0.004 -20"><span class='ocrx_word' id='word_1_28' title='bbox 301 497 494 537; x_wconf 80' lang='lat' dir='ltr'><strong>current</strong></span> <span class='ocrx_word' id='word_1_29' title='bbox 514 479 716 534; x_wconf 78' lang='lat' dir='ltr'><em>Tabulis</em></span> <span class='ocrx_word' id='word_1_30' title='bbox 751 479 1032 554; x_wconf 64' lang='lat' dir='ltr'><strong>praedz&#39;c‘ffum</strong></span> <span class='ocrx_word' id='word_1_31' title='bbox 1048 474 1157 524; x_wconf 82' lang='lat' dir='ltr'><strong>volo</strong></span> <span class='ocrx_word' id='word_1_32' title='bbox 1182 512 1193 524; x_wconf 93' lang='lat'>.</span> <span class='ocrx_word' id='word_1_33' title='bbox 1229 469 1436 539; x_wconf 84' lang='lat' dir='ltr'><strong>Qibus</strong></span> <span class='ocrx_word' id='word_1_34' title='bbox 1466 469 1671 540; x_wconf 86' lang='lat' dir='ltr'><strong>quidem</strong></span> <span class='ocrx_word' id='word_1_35' title='bbox 1701 469 1963 535; x_wconf 59' lang='lat' dir='ltr'><strong>verbis3in</strong></span> <span class='ocrx_word' id='word_1_36' title='bbox 2003 475 2174 541; x_wconf 83' lang='lat' dir='ltr'><strong>primae</strong></span> <span class='ocrx_word' id='word_1_37' title='bbox 2203 490 2291 526; x_wconf 90' lang='lat' dir='ltr'><strong>no-</strong></span> 
     </span>
     <span class='ocr_line' id='line_1_5' title="bbox 301 543 2293 624; baseline -0.008 -10"><span class='ocrx_word' id='word_1_38' title='bbox 301 559 411 615; x_wconf 86' lang='lat' dir='ltr'><strong>strae</strong></span> <span class='ocrx_word' id='word_1_39' title='bbox 430 557 640 611; x_wconf 83' lang='lat' dir='ltr'><strong>Tabulae</strong></span> <span class='ocrx_word' id='word_1_40' title='bbox 672 555 1021 624; x_wconf 82' lang='lat' dir='ltr'><strong>Explicatione</strong></span> <span class='ocrx_word' id='word_1_41' title='bbox 1050 543 1399 617; x_wconf 71' lang='lat' dir='ltr'><strong>pofitiS,aequi</strong></span> <span class='ocrx_word' id='word_1_42' title='bbox 1428 561 1605 597; x_wconf 86' lang='lat' dir='ltr'><strong>omnes</strong></span> <span class='ocrx_word' id='word_1_43' title='bbox 1636 543 1878 599; x_wconf 60' lang='lat' dir='ltr'><strong>LePtores</strong></span> <span class='ocrx_word' id='word_1_44' title='bbox 1919 543 2176 598; x_wconf 81' lang='lat' dir='ltr'>admoneri</span> <span class='ocrx_word' id='word_1_45' title='bbox 2206 563 2293 617; x_wconf 92' lang='lat' dir='ltr'><strong>po-</strong></span> 
     </span>
     <span class='ocr_line' id='line_1_6' title="bbox 302 614 2293 700; baseline -0.012 -13"><span class='ocrx_word' id='word_1_46' title='bbox 302 630 680 700; x_wconf 73' lang='lat' dir='ltr'><strong>terant‚fiquid</strong></span> <span class='ocrx_word' id='word_1_47' title='bbox 710 626 845 678; x_wconf 71' lang='lat' dir='ltr'><strong>forte</strong></span> <span class='ocrx_word' id='word_1_48' title='bbox 876 641 942 674; x_wconf 85' lang='lat' dir='ltr'><strong>ex</strong></span> <span class='ocrx_word' id='word_1_49' title='bbox 969 619 1057 672; x_wconf 88' lang='lat' dir='ltr'><strong>illo</strong></span> <span class='ocrx_word' id='word_1_50' title='bbox 1089 636 1278 690; x_wconf 80' lang='lat' dir='ltr'><strong>genere</strong></span> <span class='ocrx_word' id='word_1_51' title='bbox 1309 614 1473 670; x_wconf 70' lang='lat' dir='ltr'><strong>mimis</strong></span> <span class='ocrx_word' id='word_1_52' title='bbox 1505 618 1772 687; x_wconf 82' lang='lat' dir='ltr'><strong>diligenter</strong></span> <span class='ocrx_word' id='word_1_53' title='bbox 1792 617 2096 689; x_wconf 81' lang='lat' dir='ltr'><strong>explicatum</strong></span> <span class='ocrx_word' id='word_1_54' title='bbox 2130 620 2180 669; x_wconf 87' lang='lat' dir='ltr'><strong>in</strong></span> <span class='ocrx_word' id='word_1_55' title='bbox 2208 640 2293 674; x_wconf 87' lang='lat' dir='ltr'><strong>no-</strong></span> 
     </span>
     <span class='ocr_line' id='line_1_7' title="bbox 305 689 2294 768; baseline -0.007 -8"><span class='ocrx_word' id='word_1_56' title='bbox 305 705 413 761; x_wconf 90' lang='lat' dir='ltr'><strong>ssris</strong></span> <span class='ocrx_word' id='word_1_57' title='bbox 443 703 652 756; x_wconf 77' lang='lat' dir='ltr'>Tabulis</span> <span class='ocrx_word' id='word_1_58' title='bbox 691 693 1190 768; x_wconf 79' lang='lat' dir='ltr'><strong>deprehenderetur,</strong></span> <span class='ocrx_word' id='word_1_59' title='bbox 1221 693 1274 746; x_wconf 89' lang='lat' dir='ltr'><strong>id</strong></span> <span class='ocrx_word' id='word_1_60' title='bbox 1308 690 1533 744; x_wconf 77' lang='lat' dir='ltr'><strong>consulto</strong></span> <span class='ocrx_word' id='word_1_61' title='bbox 1567 693 1618 744; x_wconf 90' lang='lat' dir='ltr'><strong>in</strong></span> <span class='ocrx_word' id='word_1_62' title='bbox 1652 691 1784 744; x_wconf 89' lang='lat' dir='ltr'><strong>aliud</strong></span> <span class='ocrx_word' id='word_1_63' title='bbox 1818 708 2023 762; x_wconf 87' lang='lat' dir='ltr'><strong>tempus</strong></span> <span class='ocrx_word' id='word_1_64' title='bbox 2052 689 2294 760; x_wconf 71' lang='lat' dir='ltr'><strong>rej·e&amp;um</strong></span> 
     </span>
     <span class='ocr_line' id='line_1_8' title="bbox 307 763 2296 844; baseline -0.008 -11"><span class='ocrx_word' id='word_1_65' title='bbox 307 781 411 832; x_wconf 88' lang='lat' dir='ltr'><strong>esse</strong></span> <span class='ocrx_word' id='word_1_66' title='bbox 443 799 454 829; x_wconf 71' lang='grc' dir='ltr'><strong><em>ε</em></strong></span> <span class='ocrx_word' id='word_1_67' title='bbox 513 774 649 844; x_wconf 88' lang='lat' dir='ltr'><strong>quod</strong></span> <span class='ocrx_word' id='word_1_68' title='bbox 679 770 887 839; x_wconf 85' lang='lat' dir='ltr'><strong>quidem</strong></span> <span class='ocrx_word' id='word_1_69' title='bbox 919 768 1080 820; x_wconf 89' lang='lat' dir='ltr'><strong>nescio</strong></span> <span class='ocrx_word' id='word_1_70' title='bbox 1113 785 1202 820; x_wconf 84' lang='lat' dir='ltr'><strong>cur</strong></span> <span class='ocrx_word' id='word_1_71' title='bbox 1239 765 1432 819; x_wconf 62' lang='lat' dir='ltr'><strong>Aussor</strong></span> <span class='ocrx_word' id='word_1_72' title='bbox 1476 763 1988 818; x_wconf 81' lang='lat' dir='ltr'><strong>Animadversionum</strong></span> <span class='ocrx_word' id='word_1_73' title='bbox 2027 765 2296 818; x_wconf 81' lang='lat' dir='ltr'><strong>attenderit</strong></span> 
     </span>
     <span class='ocr_line' id='line_1_9' title="bbox 307 837 2297 919; baseline -0.008 -14"><span class='ocrx_word' id='word_1_74' title='bbox 307 866 564 919; x_wconf 84' lang='lat' dir='ltr'><strong>nunquam</strong></span> <span class='ocrx_word' id='word_1_75' title='bbox 584 885 600 909; x_wconf 72' lang='lat'>,</span> <span class='ocrx_word' id='word_1_76' title='bbox 620 845 701 899; x_wconf 90' lang='lat' dir='ltr'><strong>sed</strong></span> <span class='ocrx_word' id='word_1_77' title='bbox 736 840 873 913; x_wconf 70' lang='lat' dir='ltr'><strong>quasi</strong></span> <span class='ocrx_word' id='word_1_78' title='bbox 905 840 1141 894; x_wconf 87' lang='lat' dir='ltr'><strong>omnibus</strong></span> <span class='ocrx_word' id='word_1_79' title='bbox 1171 837 1348 893; x_wconf 84' lang='lat' dir='ltr'><strong>nostris</strong></span> <span class='ocrx_word' id='word_1_80' title='bbox 1375 837 1804 909; x_wconf 85' lang='lat' dir='ltr'><strong>Explicationibus</strong></span> <span class='ocrx_word' id='word_1_81' title='bbox 1834 838 2022 893; x_wconf 84' lang='lat' dir='ltr'><strong>summa</strong></span> <span class='ocrx_word' id='word_1_82' title='bbox 2053 838 2177 891; x_wconf 87' lang='lat' dir='ltr'><strong>esset</strong></span> <span class='ocrx_word' id='word_1_83' title='bbox 2193 856 2297 890; x_wconf 89' lang='lat' dir='ltr'><strong>ma-</strong></span> 
     </span>
     <span class='ocr_line' id='line_1_10' title="bbox 306 910 2297 991; baseline -0.007 -14"><span class='ocrx_word' id='word_1_84' title='bbox 306 942 398 978; x_wconf 88' lang='lat' dir='ltr'><strong>nus</strong></span> <span class='ocrx_word' id='word_1_85' title='bbox 430 918 694 991; x_wconf 76' lang='lat' dir='ltr'><strong>imposita,</strong></span> <span class='ocrx_word' id='word_1_86' title='bbox 733 931 1049 987; x_wconf 80' lang='lat' dir='ltr'><strong>quaecunque</strong></span> <span class='ocrx_word' id='word_1_87' title='bbox 1085 913 1229 967; x_wconf 90' lang='lat' dir='ltr'><strong>libuit</strong></span> <span class='ocrx_word' id='word_1_88' title='bbox 1258 951 1276 979; x_wconf 80' lang='lat'>‚</span> <span class='ocrx_word' id='word_1_89' title='bbox 1327 910 1717 982; x_wconf 87' lang='lat' dir='ltr'><strong>reprehenderit</strong></span> <span class='ocrx_word' id='word_1_90' title='bbox 1747 937 1760 983; x_wconf 79' lang='lat'><em>3</em></span> <span class='ocrx_word' id='word_1_91' title='bbox 1810 913 1965 966; x_wconf 89' lang='lat' dir='ltr'><strong>veluti</strong></span> <span class='ocrx_word' id='word_1_92' title='bbox 1996 910 2109 965; x_wconf 73' lang='lat' dir='ltr'><strong>cum</strong></span> <span class='ocrx_word' id='word_1_93' title='bbox 2139 911 2297 984; x_wconf 77' lang='lat' dir='ltr'><strong>paulo</strong></span> 
     </span>
     <span class='ocr_line' id='line_1_11' title="bbox 308 983 2305 1060; baseline -0.007 -10"><span class='ocrx_word' id='word_1_94' title='bbox 308 1012 459 1059; x_wconf 78' lang='lat' dir='ltr'><strong>ante,</strong></span> <span class='ocrx_word' id='word_1_95' title='bbox 496 993 769 1047; x_wconf 90' lang='lat' dir='ltr'><strong>delineatas</strong></span> <span class='ocrx_word' id='word_1_96' title='bbox 804 989 832 1042; x_wconf 75' lang='lat' dir='ltr'><strong>a</strong></span> <span class='ocrx_word' id='word_1_97' title='bbox 865 987 1007 1042; x_wconf 87' lang='lat' dir='ltr'><strong>nobis</strong></span> <span class='ocrx_word' id='word_1_98' title='bbox 1046 987 1228 1060; x_wconf 79' lang='lat' dir='ltr'><strong>linguae</strong></span> <span class='ocrx_word' id='word_1_99' title='bbox 1260 986 1520 1058; x_wconf 74' lang='lat' dir='ltr'><strong>glandulas</strong></span> <span class='ocrx_word' id='word_1_100' title='bbox 1551 1004 1645 1039; x_wconf 88' lang='lat' dir='ltr'><strong>ceu</strong></span> <span class='ocrx_word' id='word_1_101' title='bbox 1685 985 1942 1040; x_wconf 89' lang='lat' dir='ltr'><strong>morbosas</strong></span> <span class='ocrx_word' id='word_1_102' title='bbox 1974 983 1995 1049; x_wconf 85' lang='lat'>(</span> <span class='ocrx_word' id='word_1_103' title='bbox 2027 985 2079 1042; x_wconf 86' lang='lat'>&amp;</span> <span class='ocrx_word' id='word_1_104' title='bbox 2113 987 2165 1041; x_wconf 86' lang='lat' dir='ltr'><strong>id</strong></span> <span class='ocrx_word' id='word_1_105' title='bbox 2198 989 2305 1056; x_wconf 85' lang='lat' dir='ltr'><strong>qui-</strong></span> 
     </span>
     <span class='ocr_line' id='line_1_12' title="bbox 305 1061 2305 1139; baseline -0.006 -16"><span class='ocrx_word' id='word_1_106' title='bbox 305 1071 427 1123; x_wconf 87' lang='lat' dir='ltr'><strong>dem</strong></span> <span class='ocrx_word' id='word_1_107' title='bbox 465 1083 735 1139; x_wconf 81' lang='lat' dir='ltr'><strong>perperam</strong></span> <span class='ocrx_word' id='word_1_108' title='bbox 770 1068 793 1135; x_wconf 83' lang='grc'>)</span> <span class='ocrx_word' id='word_1_109' title='bbox 834 1061 1110 1132; x_wconf 77' lang='lat' dir='ltr'><strong>arguebat3</strong></span> <span class='ocrx_word' id='word_1_110' title='bbox 1150 1077 1249 1131; x_wconf 81' lang='lat' dir='ltr'><strong>qua</strong></span> <span class='ocrx_word' id='word_1_111' title='bbox 1279 1077 1502 1130; x_wconf 84' lang='lat' dir='ltr'><strong>unquam</strong></span> <span class='ocrx_word' id='word_1_112' title='bbox 1540 1061 1735 1113; x_wconf 86' lang='lat' dir='ltr'><strong>ratione</strong></span> <span class='ocrx_word' id='word_1_113' title='bbox 1768 1061 1888 1113; x_wconf 83' lang='lat' dir='ltr'><strong>scire</strong></span> <span class='ocrx_word' id='word_1_114' title='bbox 1918 1076 2124 1132; x_wconf 86' lang='lat' dir='ltr'><strong>poterat</strong></span> <span class='ocrx_word' id='word_1_115' title='bbox 2156 1099 2173 1125; x_wconf 76' lang='lat'><strong>‚</strong></span> <span class='ocrx_word' id='word_1_116' title='bbox 2213 1078 2305 1113; x_wconf 89' lang='lat' dir='ltr'><strong>nos</strong></span> 
     </span>
     <span class='ocr_line' id='line_1_13' title="bbox 304 1132 2305 1214; baseline -0.004 -18"><span class='ocrx_word' id='word_1_117' title='bbox 304 1143 437 1214; x_wconf 86' lang='lat' dir='ltr'><strong>ipsos</strong></span> <span class='ocrx_word' id='word_1_118' title='bbox 463 1141 669 1195; x_wconf 84' lang='lat' dir='ltr'><strong>fortasse</strong></span> <span class='ocrx_word' id='word_1_119' title='bbox 702 1139 767 1192; x_wconf 91' lang='lat' dir='ltr'><strong>de</strong></span> <span class='ocrx_word' id='word_1_120' title='bbox 801 1133 1035 1189; x_wconf 77' lang='lat' dir='ltr'><strong>industria</strong></span> <span class='ocrx_word' id='word_1_121' title='bbox 1068 1134 1321 1188; x_wconf 88' lang='lat' dir='ltr'><strong>morbosas</strong></span> <span class='ocrx_word' id='word_1_122' title='bbox 1351 1171 1367 1196; x_wconf 78' lang='grc'>,</span> <span class='ocrx_word' id='word_1_123' title='bbox 1420 1134 1481 1186; x_wconf 91' lang='lat' dir='ltr'><strong>ad</strong></span> <span class='ocrx_word' id='word_1_124' title='bbox 1535 1151 1708 1186; x_wconf 88' lang='lat' dir='ltr'><strong>earum</strong></span> <span class='ocrx_word' id='word_1_125' title='bbox 1739 1132 1974 1186; x_wconf 85' lang='lat' dir='ltr'><strong>videlicet</strong></span> <span class='ocrx_word' id='word_1_126' title='bbox 2009 1132 2305 1189; x_wconf 63' lang='lat' dir='ltr'><strong>strufiuram</strong></span> 
     </span>
     <span class='ocr_line' id='line_1_14' title="bbox 305 1206 2307 1279; baseline -0.005 -8"><span class='ocrx_word' id='word_1_127' title='bbox 305 1215 670 1279; x_wconf 74' lang='lat' dir='ltr'><strong>illustrandam,</strong></span> <span class='ocrx_word' id='word_1_128' title='bbox 713 1209 1027 1266; x_wconf 87' lang='lat' dir='ltr'><strong>delineavisse</strong></span> <span class='ocrx_word' id='word_1_129' title='bbox 1062 1248 1079 1273; x_wconf 75' lang='lat'>,</span> <span class='ocrx_word' id='word_1_130' title='bbox 1132 1209 1286 1279; x_wconf 87' lang='lat' dir='ltr'><strong>idque</strong></span> <span class='ocrx_word' id='word_1_131' title='bbox 1320 1209 1367 1260; x_wconf 89' lang='lat' dir='ltr'><strong>in</strong></span> <span class='ocrx_word' id='word_1_132' title='bbox 1404 1207 1510 1261; x_wconf 81' lang='lat' dir='ltr'><strong>aliis</strong></span> <span class='ocrx_word' id='word_1_133' title='bbox 1560 1209 1766 1279; x_wconf 81' lang='lat' dir='ltr'><strong>Scriptis</strong></span> <span class='ocrx_word' id='word_1_134' title='bbox 1799 1209 1850 1260; x_wconf 84' lang='lat' dir='ltr'><strong>in</strong></span> <span class='ocrx_word' id='word_1_135' title='bbox 1890 1206 2071 1277; x_wconf 82' lang='lat' dir='ltr'><strong>quibus</strong></span> <span class='ocrx_word' id='word_1_136' title='bbox 2107 1226 2209 1261; x_wconf 90' lang='lat' dir='ltr'><strong>non</strong></span> <span class='ocrx_word' id='word_1_137' title='bbox 2241 1208 2307 1260; x_wconf 89' lang='lat' dir='ltr'><strong>de</strong></span> 
     </span>
     <span class='ocr_line' id='line_1_15' title="bbox 306 1278 2308 1360; baseline -0.005 -16"><span class='ocrx_word' id='word_1_138' title='bbox 306 1308 488 1344; x_wconf 87' lang='lat' dir='ltr'><strong>earum</strong></span> <span class='ocrx_word' id='word_1_139' title='bbox 519 1285 825 1360; x_wconf 83' lang='lat' dir='ltr'><strong>expansione</strong></span> <span class='ocrx_word' id='word_1_140' title='bbox 858 1286 1140 1357; x_wconf 80' lang='lat' dir='ltr'><strong>generatim</strong></span> <span class='ocrx_word' id='word_1_141' title='bbox 1163 1320 1181 1345; x_wconf 79' lang='lat'>,</span> <span class='ocrx_word' id='word_1_142' title='bbox 1211 1298 1268 1334; x_wconf 90' lang='lat' dir='ltr'><strong>ut</strong></span> <span class='ocrx_word' id='word_1_143' title='bbox 1300 1284 1349 1334; x_wconf 92' lang='lat' dir='ltr'><strong>in</strong></span> <span class='ocrx_word' id='word_1_144' title='bbox 1380 1282 1416 1334; x_wconf 91' lang='grc' dir='ltr'><strong>Ι.</strong></span> <span class='ocrx_word' id='word_1_145' title='bbox 1435 1281 1869 1344; x_wconf 76' lang='lat' dir='ltr'><strong>Adversariis,sed</strong></span> <span class='ocrx_word' id='word_1_146' title='bbox 1905 1280 1969 1334; x_wconf 92' lang='lat' dir='ltr'><strong>de</strong></span> <span class='ocrx_word' id='word_1_147' title='bbox 1997 1278 2308 1352; x_wconf 68' lang='lat' dir='ltr'><strong>singularum</strong></span> 
     </span>
     <span class='ocr_line' id='line_1_16' title="bbox 308 1354 2312 1430; baseline -0.005 -12"><span class='ocrx_word' id='word_1_148' title='bbox 308 1364 531 1429; x_wconf 75' lang='lat' dir='ltr'><strong>fabrica,</strong></span> <span class='ocrx_word' id='word_1_149' title='bbox 568 1377 846 1430; x_wconf 88' lang='lat' dir='ltr'><strong>naturaque</strong></span> <span class='ocrx_word' id='word_1_150' title='bbox 873 1361 1127 1428; x_wconf 79' lang='lat' dir='ltr'><strong>speciatim</strong></span> <span class='ocrx_word' id='word_1_151' title='bbox 1166 1355 1497 1425; x_wconf 82' lang='lat' dir='ltr'><strong>loqueremur</strong></span> <span class='ocrx_word' id='word_1_152' title='bbox 1527 1392 1545 1418; x_wconf 78' lang='lat'>,</span> <span class='ocrx_word' id='word_1_153' title='bbox 1581 1354 1681 1409; x_wconf 87' lang='lat' dir='ltr'><strong>esse</strong></span> <span class='ocrx_word' id='word_1_154' title='bbox 1711 1354 2087 1426; x_wconf 78' lang='lat' dir='ltr'><strong>explicaturos?</strong></span> <span class='ocrx_word' id='word_1_155' title='bbox 2198 1356 2312 1410; x_wconf 82' lang='lat' dir='ltr'><strong>Cae-</strong></span> 
     </span>
     <span class='ocr_line' id='line_1_17' title="bbox 310 1430 2310 1503; baseline -0.005 -13"><span class='ocrx_word' id='word_1_156' title='bbox 310 1436 479 1490; x_wconf 71' lang='lat' dir='ltr'><strong>terum</strong></span> <span class='ocrx_word' id='word_1_157' title='bbox 498 1475 516 1499; x_wconf 77' lang='lat'>‚</span> <span class='ocrx_word' id='word_1_158' title='bbox 553 1453 664 1488; x_wconf 87' lang='lat' dir='ltr'><strong>tuas</strong></span> <span class='ocrx_word' id='word_1_159' title='bbox 696 1451 753 1488; x_wconf 90' lang='lat' dir='ltr'><strong>ut</strong></span> <span class='ocrx_word' id='word_1_160' title='bbox 788 1432 849 1486; x_wconf 89' lang='lat' dir='ltr'><strong>ad</strong></span> <span class='ocrx_word' id='word_1_161' title='bbox 885 1434 1085 1503; x_wconf 89' lang='lat' dir='ltr'><strong>Operas</strong></span> <span class='ocrx_word' id='word_1_162' title='bbox 1117 1430 1322 1483; x_wconf 86' lang='lat' dir='ltr'><strong>redeam</strong></span> <span class='ocrx_word' id='word_1_163' title='bbox 1352 1467 1370 1494; x_wconf 76' lang='lat'>,</span> <span class='ocrx_word' id='word_1_164' title='bbox 1409 1448 1474 1482; x_wconf 83' lang='lat' dir='ltr'><strong>ex</strong></span> <span class='ocrx_word' id='word_1_165' title='bbox 1501 1431 1558 1481; x_wconf 89' lang='lat' dir='ltr'><strong>iis</strong></span> <span class='ocrx_word' id='word_1_166' title='bbox 1589 1445 1700 1497; x_wconf 82' lang='lat' dir='ltr'><strong>quae</strong></span> <span class='ocrx_word' id='word_1_167' title='bbox 1731 1448 1795 1482; x_wconf 89' lang='lat' dir='ltr'><strong>eo</strong></span> <span class='ocrx_word' id='word_1_168' title='bbox 1831 1445 2067 1500; x_wconf 88' lang='lat' dir='ltr'><strong>tempore</strong></span> <span class='ocrx_word' id='word_1_169' title='bbox 2096 1449 2198 1483; x_wconf 83' lang='lat' dir='ltr'><strong>non</strong></span> <span class='ocrx_word' id='word_1_170' title='bbox 2228 1449 2310 1483; x_wconf 82' lang='lat' dir='ltr'><strong>ex-</strong></span> 
     </span>
     <span class='ocr_line' id='line_1_18' title="bbox 311 1503 2312 1582; baseline -0.005 -18"><span class='ocrx_word' id='word_1_171' title='bbox 311 1511 495 1582; x_wconf 82' lang='lat' dir='ltr'><strong>plicavi</strong></span> <span class='ocrx_word' id='word_1_172' title='bbox 529 1547 546 1573; x_wconf 74' lang='lat'>,</span> <span class='ocrx_word' id='word_1_173' title='bbox 584 1507 905 1579; x_wconf 82' lang='lat' dir='ltr'><strong>negligenter</strong></span> <span class='ocrx_word' id='word_1_174' title='bbox 941 1505 1218 1559; x_wconf 87' lang='lat' dir='ltr'><strong>admodum</strong></span> <span class='ocrx_word' id='word_1_175' title='bbox 1249 1506 1458 1574; x_wconf 79' lang='lat' dir='ltr'><strong>Linguae</strong></span> <span class='ocrx_word' id='word_1_176' title='bbox 1493 1503 1705 1575; x_wconf 84' lang='lat' dir='ltr'><strong>Papillas</strong></span> <span class='ocrx_word' id='word_1_177' title='bbox 1741 1503 2043 1575; x_wconf 79' lang='lat' dir='ltr'><strong>descripsere</strong></span> <span class='ocrx_word' id='word_1_178' title='bbox 2076 1527 2089 1572; x_wconf 82' lang='lat'><em>3</em></span> <span class='ocrx_word' id='word_1_179' title='bbox 2141 1519 2312 1570; x_wconf 83' lang='lat' dir='ltr'><strong>neque</strong></span> 
     </span>
     <span class='ocr_line' id='line_1_19' title="bbox 312 1575 2312 1653; baseline -0.004 -17"><span class='ocrx_word' id='word_1_180' title='bbox 312 1587 448 1637; x_wconf 84' lang='lat' dir='ltr'><strong>enim</strong></span> <span class='ocrx_word' id='word_1_181' title='bbox 483 1600 586 1653; x_wconf 89' lang='lat' dir='ltr'><strong>ego</strong></span> <span class='ocrx_word' id='word_1_182' title='bbox 622 1598 707 1634; x_wconf 90' lang='lat' dir='ltr'><strong>aut</strong></span> <span class='ocrx_word' id='word_1_183' title='bbox 741 1577 1089 1650; x_wconf 45' lang='lat' dir='ltr'><strong>fungiformes*</strong></span> <span class='ocrx_word' id='word_1_184' title='bbox 1114 1582 1179 1631; x_wconf 89' lang='lat' dir='ltr'><strong>ita</strong></span> <span class='ocrx_word' id='word_1_185' title='bbox 1213 1579 1431 1650; x_wconf 83' lang='lat' dir='ltr'><strong>grandes</strong></span> <span class='ocrx_word' id='word_1_186' title='bbox 1464 1575 1518 1633; x_wconf 71' lang='grc' dir='ltr'><strong>δε</strong></span> <span class='ocrx_word' id='word_1_187' title='bbox 1557 1592 1784 1629; x_wconf 85' lang='lat' dir='ltr'><strong>extantes</strong></span> <span class='ocrx_word' id='word_1_188' title='bbox 1817 1615 1837 1640; x_wconf 56' lang='lat' dir='ltr'>a</span> <span class='ocrx_word' id='word_1_189' title='bbox 1869 1595 1970 1630; x_wconf 78' lang='lat' dir='ltr'><strong>aut</strong></span> <span class='ocrx_word' id='word_1_190' title='bbox 2015 1576 2090 1630; x_wconf 87' lang='lat' dir='ltr'><strong>his</strong></span> <span class='ocrx_word' id='word_1_191' title='bbox 2137 1576 2312 1647; x_wconf 74' lang='lat' dir='ltr'><strong>paffim</strong></span> 
     </span>
     <span class='ocr_line' id='line_1_20' title="bbox 316 1649 2309 1726; baseline -0.005 -16"><span class='ocrx_word' id='word_1_192' title='bbox 316 1654 664 1725; x_wconf 67' lang='lat' dir='ltr'><strong>circumjePtas</strong></span> <span class='ocrx_word' id='word_1_193' title='bbox 694 1652 888 1708; x_wconf 77' lang='lat' dir='ltr'><strong>villosas</strong></span> <span class='ocrx_word' id='word_1_194' title='bbox 925 1656 995 1708; x_wconf 68' lang='lat' dir='ltr'><strong>ita</strong></span> <span class='ocrx_word' id='word_1_195' title='bbox 1026 1671 1211 1726; x_wconf 87' lang='lat' dir='ltr'><strong>paucas</strong></span> <span class='ocrx_word' id='word_1_196' title='bbox 1255 1651 1309 1708; x_wconf 69' lang='grc' dir='ltr'><strong>δε</strong></span> <span class='ocrx_word' id='word_1_197' title='bbox 1354 1653 1560 1722; x_wconf 84' lang='lat' dir='ltr'><strong>exiguas</strong></span> <span class='ocrx_word' id='word_1_198' title='bbox 1593 1688 1611 1714; x_wconf 77' lang='lat'>,</span> <span class='ocrx_word' id='word_1_199' title='bbox 1661 1667 1747 1703; x_wconf 85' lang='lat' dir='ltr'><strong>aut</strong></span> <span class='ocrx_word' id='word_1_200' title='bbox 1779 1651 1996 1721; x_wconf 89' lang='lat' dir='ltr'><strong>denique</strong></span> <span class='ocrx_word' id='word_1_201' title='bbox 2036 1649 2309 1722; x_wconf 73' lang='lat' dir='ltr'><strong>singulares</strong></span> 
     </span>
     <span class='ocr_line' id='line_1_21' title="bbox 311 1722 2309 1803; baseline -0.005 -16"><span class='ocrx_word' id='word_1_202' title='bbox 311 1730 362 1787; x_wconf 70' lang='grc' dir='ltr'><strong>ὅ(</strong></span> <span class='ocrx_word' id='word_1_203' title='bbox 393 1747 674 1803; x_wconf 86' lang='lat' dir='ltr'><strong>perpaucas</strong></span> <span class='ocrx_word' id='word_1_204' title='bbox 706 1728 813 1781; x_wconf 88' lang='lat' dir='ltr'><strong>illas</strong></span> <span class='ocrx_word' id='word_1_205' title='bbox 846 1743 969 1797; x_wconf 85' lang='lat' dir='ltr'><strong>quas</strong></span> <span class='ocrx_word' id='word_1_206' title='bbox 1002 1726 1249 1781; x_wconf 86' lang='lat' dir='ltr'><strong>annularis</strong></span> <span class='ocrx_word' id='word_1_207' title='bbox 1281 1725 1440 1778; x_wconf 90' lang='lat' dir='ltr'><strong>sulcus</strong></span> <span class='ocrx_word' id='word_1_208' title='bbox 1473 1724 1661 1790; x_wconf 81' lang='lat' dir='ltr'><strong>ambit,</strong></span> <span class='ocrx_word' id='word_1_209' title='bbox 1695 1723 1943 1795; x_wconf 74' lang='lat' dir='ltr'><strong>{implices</strong></span> <span class='ocrx_word' id='word_1_210' title='bbox 1980 1742 2192 1787; x_wconf 52' lang='lat' dir='ltr'><strong>omnm,</strong></span> <span class='ocrx_word' id='word_1_211' title='bbox 2226 1722 2309 1777; x_wconf 88' lang='lat' dir='ltr'><strong>sed</strong></span> 
     </span>
     <span class='ocr_line' id='line_1_22' title="bbox 314 1795 2316 1871; baseline -0.004 -15"><span class='ocrx_word' id='word_1_212' title='bbox 314 1817 491 1858; x_wconf 80' lang='lat' dir='ltr'><strong>earum</strong></span> <span class='ocrx_word' id='word_1_213' title='bbox 525 1802 794 1857; x_wconf 83' lang='lat' dir='ltr'><strong>nonnullas</strong></span> <span class='ocrx_word' id='word_1_214' title='bbox 824 1805 872 1854; x_wconf 89' lang='lat' dir='ltr'><strong>in</strong></span> <span class='ocrx_word' id='word_1_215' title='bbox 906 1819 1003 1854; x_wconf 87' lang='lat' dir='ltr'><strong>una</strong></span> <span class='ocrx_word' id='word_1_216' title='bbox 1033 1799 1181 1854; x_wconf 86' lang='lat' dir='ltr'><strong>fovea</strong></span> <span class='ocrx_word' id='word_1_217' title='bbox 1215 1802 1440 1871; x_wconf 89' lang='lat' dir='ltr'><strong>geminas</strong></span> <span class='ocrx_word' id='word_1_218' title='bbox 1473 1798 1847 1853; x_wconf 86' lang='lat' dir='ltr'><strong>delineaveram</strong></span> <span class='ocrx_word' id='word_1_219' title='bbox 1877 1822 1893 1866; x_wconf 87' lang='lat'><strong>·‚</strong></span> <span class='ocrx_word' id='word_1_220' title='bbox 1944 1796 2011 1849; x_wconf 86' lang='lat' dir='ltr'><strong>fic</strong></span> <span class='ocrx_word' id='word_1_221' title='bbox 2039 1801 2174 1851; x_wconf 86' lang='lat' dir='ltr'><strong>enim</strong></span> <span class='ocrx_word' id='word_1_222' title='bbox 2208 1795 2316 1865; x_wconf 80' lang='lat' dir='ltr'><strong>plu-</strong></span> 
     </span>
     <span class='ocr_line' id='line_1_23' title="bbox 314 1868 2315 1942; baseline -0.005 -14"><span class='ocrx_word' id='word_1_223' title='bbox 314 1880 447 1938; x_wconf 67' lang='lat' dir='ltr'><strong>ries³</strong></span> <span class='ocrx_word' id='word_1_224' title='bbox 485 1875 591 1926; x_wconf 68' lang='lat' dir='ltr'><strong>imo</strong></span> <span class='ocrx_word' id='word_1_225' title='bbox 628 1875 902 1942; x_wconf 79' lang='lat' dir='ltr'><strong>aliquando</strong></span> <span class='ocrx_word' id='word_1_226' title='bbox 939 1876 1090 1922; x_wconf 86' lang='lat' dir='ltr'><strong>etiam</strong></span> <span class='ocrx_word' id='word_1_227' title='bbox 1122 1889 1288 1923; x_wconf 87' lang='lat' dir='ltr'><strong>ternas</strong></span> <span class='ocrx_word' id='word_1_228' title='bbox 1320 1872 1591 1936; x_wconf 59' lang='lat' dir='ltr'><strong>conspexi.&gt;</strong></span> <span class='ocrx_word' id='word_1_229' title='bbox 1690 1870 1807 1919; x_wconf 86' lang='lat' dir='ltr'><strong>Alia</strong></span> <span class='ocrx_word' id='word_1_230' title='bbox 1852 1886 2127 1938; x_wconf 71' lang='lat' dir='ltr'><strong>praeterea,</strong></span> <span class='ocrx_word' id='word_1_231' title='bbox 2165 1868 2225 1920; x_wconf 79' lang='lat' dir='ltr'><strong>ab</strong></span> <span class='ocrx_word' id='word_1_232' title='bbox 2256 1871 2315 1919; x_wconf 84' lang='lat' dir='ltr'><strong>iis</strong></span> 
     </span>
     <span class='ocr_line' id='line_1_24' title="bbox 313 1937 2313 2016; baseline -0.004 -17"><span class='ocrx_word' id='word_1_233' title='bbox 313 1951 398 2016; x_wconf 87' lang='lat' dir='ltr'><strong>qui</strong></span> <span class='ocrx_word' id='word_1_234' title='bbox 436 1943 573 1998; x_wconf 87' lang='lat' dir='ltr'><strong>istam</strong></span> <span class='ocrx_word' id='word_1_235' title='bbox 606 1947 845 2013; x_wconf 83' lang='lat' dir='ltr'><strong>Figuram</strong></span> <span class='ocrx_word' id='word_1_236' title='bbox 880 1959 996 1992; x_wconf 86' lang='lat' dir='ltr'><strong>cum</strong></span> <span class='ocrx_word' id='word_1_237' title='bbox 1031 1940 1317 2006; x_wconf 87' lang='lat' dir='ltr'><strong>archetypo</strong></span> <span class='ocrx_word' id='word_1_238' title='bbox 1350 1939 1518 1989; x_wconf 82' lang='lat' dir='ltr'><strong>nostro</strong></span> <span class='ocrx_word' id='word_1_239' title='bbox 1553 1937 1815 1989; x_wconf 83' lang='lat' dir='ltr'><strong>conferent</strong></span> <span class='ocrx_word' id='word_1_240' title='bbox 1845 1972 1864 1999; x_wconf 62' lang='lat'>2</span> <span class='ocrx_word' id='word_1_241' title='bbox 1915 1941 2313 1993; x_wconf 84' lang='lat' dir='ltr'><strong>animadverten-</strong></span> 
     </span>
     <span class='ocr_line' id='line_1_25' title="bbox 314 2007 2154 2083; baseline -0.005 -11"><span class='ocrx_word' id='word_1_242' title='bbox 314 2022 412 2083; x_wconf 76' lang='lat' dir='ltr'><strong>da,</strong></span> <span class='ocrx_word' id='word_1_243' title='bbox 450 2020 668 2078; x_wconf 77' lang='lat' dir='ltr'><strong>omitto,</strong></span> <span class='ocrx_word' id='word_1_244' title='bbox 709 2029 766 2064; x_wconf 89' lang='lat' dir='ltr'><strong>ut</strong></span> <span class='ocrx_word' id='word_1_245' title='bbox 798 2013 862 2064; x_wconf 88' lang='lat' dir='ltr'><strong>de</strong></span> <span class='ocrx_word' id='word_1_246' title='bbox 896 2011 997 2061; x_wconf 82' lang='lat' dir='ltr'><strong>aliis</strong></span> <span class='ocrx_word' id='word_1_247' title='bbox 1028 2009 1160 2062; x_wconf 88' lang='lat' dir='ltr'><strong>istius</strong></span> <span class='ocrx_word' id='word_1_248' title='bbox 1195 2007 1409 2059; x_wconf 84' lang='lat' dir='ltr'><strong>Tabulae</strong></span> <span class='ocrx_word' id='word_1_249' title='bbox 1446 2009 1643 2079; x_wconf 84' lang='lat' dir='ltr'><strong>Figuris</strong></span> <span class='ocrx_word' id='word_1_250' title='bbox 1672 2023 1837 2078; x_wconf 86' lang='lat' dir='ltr'><strong>pauca</strong></span> <span class='ocrx_word' id='word_1_251' title='bbox 1865 2007 2121 2077; x_wconf 80' lang='lat' dir='ltr'><strong>subjiciam</strong></span> <span class='ocrx_word' id='word_1_252' title='bbox 2141 2048 2154 2062; x_wconf 92' lang='lat'>.</span> 
     </span>
    </p>
   </div>
   <div class='ocr_carea' id='block_1_3' title="bbox 315 2149 2321 2450">
    <p class='ocr_par' dir='ltr' id='par_1_3' title="bbox 315 2149 2321 2450">
     <span class='ocr_line' id='line_1_26' title="bbox 493 2149 2135 2229; baseline -0.005 0"><span class='ocrx_word' id='word_1_253' title='bbox 493 2149 1699 2229; x_wconf 87' lang='lat' dir='ltr'>ANIMADVERSIO</span> <span class='ocrx_word' id='word_1_254' title='bbox 1801 2151 2135 2224; x_wconf 89' lang='lat' dir='ltr'>XCVII.</span> 
     </span>
     <span class='ocr_line' id='line_1_27' title="bbox 315 2279 2321 2450; baseline -0.002 -91"><span class='ocrx_word' id='word_1_255' title='bbox 315 2303 492 2450; x_wconf 83' lang='lat' dir='ltr'><strong>ET</strong></span> <span class='ocrx_word' id='word_1_256' title='bbox 523 2299 747 2377; x_wconf 69' lang='lat' dir='ltr'><strong>primum</strong></span> <span class='ocrx_word' id='word_1_257' title='bbox 781 2315 956 2371; x_wconf 85' lang='lat' dir='ltr'><strong>quarta</strong></span> <span class='ocrx_word' id='word_1_258' title='bbox 988 2315 1095 2368; x_wconf 85' lang='lat' dir='ltr'><strong>quae</strong></span> <span class='ocrx_word' id='word_1_259' title='bbox 1127 2279 1193 2350; x_wconf 24' lang='lat' dir='ltr'><strong>ex·</strong></span> <span class='ocrx_word' id='word_1_260' title='bbox 1218 2294 1555 2370; x_wconf 84' lang='lat' dir='ltr'><strong>Verheyenio</strong></span> <span class='ocrx_word' id='word_1_261' title='bbox 1595 2297 1904 2370; x_wconf 88' lang='lat' dir='ltr'><strong>deprompta</strong></span> <span class='ocrx_word' id='word_1_262' title='bbox 1938 2296 2036 2362; x_wconf 74' lang='lat' dir='ltr'><strong>est,</strong></span> <span class='ocrx_word' id='word_1_263' title='bbox 2074 2298 2321 2368; x_wconf 86' lang='lat' dir='ltr'><strong>cujusnam</strong></span> 
     </span>
    </p>
   </div>
   <div class='ocr_carea' id='block_1_4' title="bbox 123 2371 2325 3254">
    <p class='ocr_par' dir='ltr' id='par_1_4' title="bbox 123 2371 2325 3254">
     <span class='ocr_line' id='line_1_28' title="bbox 478 2371 2320 2445; baseline -0.003 -14"><span class='ocrx_word' id='word_1_264' title='bbox 478 2381 743 2433; x_wconf 86' lang='lat' dir='ltr'><strong>animantis</strong></span> <span class='ocrx_word' id='word_1_265' title='bbox 775 2375 1001 2443; x_wconf 81' lang='lat' dir='ltr'><strong>linguam</strong></span> <span class='ocrx_word' id='word_1_266' title='bbox 1041 2372 1392 2445; x_wconf 72' lang='lat' dir='ltr'><strong>repraesentet,</strong></span> <span class='ocrx_word' id='word_1_267' title='bbox 1428 2371 1548 2423; x_wconf 88' lang='lat' dir='ltr'><strong>scire</strong></span> <span class='ocrx_word' id='word_1_268' title='bbox 1580 2372 1858 2441; x_wconf 88' lang='lat' dir='ltr'><strong>pervelim.</strong></span> <span class='ocrx_word' id='word_1_269' title='bbox 1907 2374 2149 2425; x_wconf 88' lang='lat' dir='ltr'><strong>Humana</strong></span> <span class='ocrx_word' id='word_1_270' title='bbox 2188 2378 2320 2426; x_wconf 85' lang='lat' dir='ltr'><strong>enim</strong></span> 
     </span>
     <span class='ocr_line' id='line_1_29' title="bbox 319 2444 2324 2523; baseline -0.005 -16"><span class='ocrx_word' id='word_1_271' title='bbox 319 2458 492 2523; x_wconf 82' lang='lat' dir='ltr'><strong>lingua</strong></span> <span class='ocrx_word' id='word_1_272' title='bbox 528 2468 695 2519; x_wconf 82' lang='lat' dir='ltr'><strong>neque</strong></span> <span class='ocrx_word' id='word_1_273' title='bbox 729 2447 825 2502; x_wconf 86' lang='lat' dir='ltr'><strong>istis</strong></span> <span class='ocrx_word' id='word_1_274' title='bbox 858 2466 922 2501; x_wconf 88' lang='lat' dir='ltr'><strong>eo</strong></span> <span class='ocrx_word' id='word_1_275' title='bbox 954 2450 1005 2499; x_wconf 84' lang='lat' dir='ltr'><strong>in</strong></span> <span class='ocrx_word' id='word_1_276' title='bbox 1036 2447 1156 2499; x_wconf 90' lang='lat' dir='ltr'><strong>loco</strong></span> <span class='ocrx_word' id='word_1_277' title='bbox 1191 2444 1451 2498; x_wconf 86' lang='lat' dir='ltr'><strong>Glandulis</strong></span> <span class='ocrx_word' id='word_1_278' title='bbox 1483 2483 1500 2508; x_wconf 79' lang='lat'>,</span> <span class='ocrx_word' id='word_1_279' title='bbox 1537 2462 1702 2514; x_wconf 85' lang='lat' dir='ltr'><strong>neque</strong></span> <span class='ocrx_word' id='word_1_280' title='bbox 1732 2444 1829 2498; x_wconf 88' lang='lat' dir='ltr'><strong>istis</strong></span> <span class='ocrx_word' id='word_1_281' title='bbox 1862 2446 2180 2518; x_wconf 87' lang='lat' dir='ltr'><strong>Corporibus</strong></span> <span class='ocrx_word' id='word_1_282' title='bbox 2207 2445 2324 2499; x_wconf 63' lang='grc' dir='ltr'><strong>ΠΗ»</strong></span> 
     </span>
     <span class='ocr_line' id='line_1_30' title="bbox 323 2518 2323 2598; baseline -0.005 -19"><span class='ocrx_word' id='word_1_283' title='bbox 323 2525 661 2598; x_wconf 86' lang='lat' dir='ltr'><strong>guiformibus</strong></span> <span class='ocrx_word' id='word_1_284' title='bbox 722 2523 870 2575; x_wconf 83' lang='lat' dir='ltr'><strong>tantis</strong></span> <span class='ocrx_word' id='word_1_285' title='bbox 917 2520 1192 2591; x_wconf 65' lang='lat' dir='ltr'><strong>praesertim</strong></span> <span class='ocrx_word' id='word_1_286' title='bbox 1226 2522 1275 2570; x_wconf 88' lang='lat' dir='ltr'><strong>in</strong></span> <span class='ocrx_word' id='word_1_287' title='bbox 1323 2537 1383 2574; x_wconf 85' lang='lat' dir='ltr'><strong>ea</strong></span> <span class='ocrx_word' id='word_1_288' title='bbox 1420 2518 1766 2572; x_wconf 86' lang='lat' dir='ltr'><strong>delineationis</strong></span> <span class='ocrx_word' id='word_1_289' title='bbox 1809 2521 2055 2589; x_wconf 81' lang='lat' dir='ltr'><strong>parvitate</strong></span> <span class='ocrx_word' id='word_1_290' title='bbox 2091 2518 2323 2572; x_wconf 67' lang='lat' dir='ltr'><strong>instrufia</strong></span> 
     </span>
     <span class='ocr_line' id='line_1_31' title="bbox 320 2589 2325 2668; baseline -0.003 -16"><span class='ocrx_word' id='word_1_291' title='bbox 320 2598 428 2652; x_wconf 83' lang='lat' dir='ltr'><strong>est.</strong></span> <span class='ocrx_word' id='word_1_292' title='bbox 466 2601 640 2668; x_wconf 85' lang='lat' dir='ltr'><strong>Itaque</strong></span> <span class='ocrx_word' id='word_1_293' title='bbox 678 2594 812 2649; x_wconf 86' lang='lat' dir='ltr'><strong>hunc</strong></span> <span class='ocrx_word' id='word_1_294' title='bbox 842 2632 861 2659; x_wconf 73' lang='lat'>,</span> <span class='ocrx_word' id='word_1_295' title='bbox 914 2593 967 2650; x_wconf 69' lang='grc' dir='ltr'>ἃ</span> <span class='ocrx_word' id='word_1_296' title='bbox 1001 2592 1272 2646; x_wconf 88' lang='lat' dir='ltr'><strong>nonnullos</strong></span> <span class='ocrx_word' id='word_1_297' title='bbox 1302 2595 1455 2644; x_wconf 87' lang='lat' dir='ltr'><strong>etiam</strong></span> <span class='ocrx_word' id='word_1_298' title='bbox 1488 2592 1610 2646; x_wconf 89' lang='lat' dir='ltr'><strong>alios</strong></span> <span class='ocrx_word' id='word_1_299' title='bbox 1642 2589 1772 2644; x_wconf 85' lang='lat' dir='ltr'><strong>istius</strong></span> <span class='ocrx_word' id='word_1_300' title='bbox 1812 2591 2025 2645; x_wconf 83' lang='lat' dir='ltr'><strong>Tabulae</strong></span> <span class='ocrx_word' id='word_1_301' title='bbox 2056 2593 2325 2645; x_wconf 76' lang='lat' dir='ltr'><strong>iconismos</strong></span> 
     </span>
     <span class='ocr_line' id='line_1_32' title="bbox 319 2664 2325 2741; baseline -0.003 -16"><span class='ocrx_word' id='word_1_302' title='bbox 319 2672 557 2725; x_wconf 78' lang='lat' dir='ltr'><strong>humanae</strong></span> <span class='ocrx_word' id='word_1_303' title='bbox 591 2671 774 2741; x_wconf 77' lang='lat' dir='ltr'><strong>linguae</strong></span> <span class='ocrx_word' id='word_1_304' title='bbox 805 2667 1099 2722; x_wconf 66' lang='lat' dir='ltr'><strong>struffitram</strong></span> <span class='ocrx_word' id='word_1_305' title='bbox 1134 2664 1374 2720; x_wconf 85' lang='lat' dir='ltr'><strong>exhibere</strong></span> <span class='ocrx_word' id='word_1_306' title='bbox 1404 2702 1420 2728; x_wconf 74' lang='lat'>,</span> <span class='ocrx_word' id='word_1_307' title='bbox 1457 2684 1559 2720; x_wconf 87' lang='lat' dir='ltr'><strong>non</strong></span> <span class='ocrx_word' id='word_1_308' title='bbox 1594 2666 1895 2719; x_wconf 87' lang='lat' dir='ltr'><strong>crediderim</strong></span> <span class='ocrx_word' id='word_1_309' title='bbox 1919 2706 1930 2718; x_wconf 89' lang='lat'><strong>.</strong></span> <span class='ocrx_word' id='word_1_310' title='bbox 2047 2664 2212 2732; x_wconf 70' lang='lat' dir='ltr'><strong>Qtod</strong></span> <span class='ocrx_word' id='word_1_311' title='bbox 2245 2685 2325 2719; x_wconf 85' lang='lat' dir='ltr'><strong>au-</strong></span> 
     </span>
     <span class='ocr_line' id='line_1_33' title="bbox 321 2737 2323 2813; baseline -0.004 -14"><span class='ocrx_word' id='word_1_312' title='bbox 321 2764 434 2800; x_wconf 69' lang='lat' dir='ltr'><strong>tem</strong></span> <span class='ocrx_word' id='word_1_313' title='bbox 469 2765 532 2799; x_wconf 88' lang='lat' dir='ltr'><strong>ex</strong></span> <span class='ocrx_word' id='word_1_314' title='bbox 562 2745 747 2798; x_wconf 89' lang='lat' dir='ltr'><strong>eodem</strong></span> <span class='ocrx_word' id='word_1_315' title='bbox 779 2744 991 2813; x_wconf 88' lang='lat' dir='ltr'><strong>petitam</strong></span> <span class='ocrx_word' id='word_1_316' title='bbox 1025 2739 1248 2794; x_wconf 59' lang='lat' dir='ltr'><strong>Austore</strong></span> <span class='ocrx_word' id='word_1_317' title='bbox 1280 2741 1517 2808; x_wconf 83' lang='lat' dir='ltr'><strong>Figuram</strong></span> <span class='ocrx_word' id='word_1_318' title='bbox 1552 2744 1600 2793; x_wconf 84' lang='lat'><strong>6.</strong></span> <span class='ocrx_word' id='word_1_319' title='bbox 1642 2778 1675 2804; x_wconf 65' lang='lat' dir='ltr'><strong>aa</strong></span> <span class='ocrx_word' id='word_1_320' title='bbox 1714 2743 1762 2793; x_wconf 90' lang='lat' dir='ltr'><strong>in</strong></span> <span class='ocrx_word' id='word_1_321' title='bbox 1797 2744 1964 2811; x_wconf 85' lang='lat' dir='ltr'><strong>paucis</strong></span> <span class='ocrx_word' id='word_1_322' title='bbox 1996 2737 2323 2802; x_wconf 65' lang='lat' dir='ltr'><strong>differre2in-</strong></span> 
     </span>
     <span class='ocr_line' id='line_1_34' title="bbox 123 2810 2319 2889; baseline -0.005 -16"><span class='ocrx_word' id='word_1_323' title='bbox 123 2810 266 2864; x_wconf 79' lang='lat'>437·</span> <span class='ocrx_word' id='word_1_324' title='bbox 325 2858 362 2886; x_wconf 64' lang='lat' dir='ltr'><strong>aa</strong></span> <span class='ocrx_word' id='word_1_325' title='bbox 398 2823 536 2889; x_wconf 58' lang='lat' dir='ltr'><strong>quis„</strong></span> <span class='ocrx_word' id='word_1_326' title='bbox 558 2819 584 2871; x_wconf 74' lang='lat' dir='ltr'><strong>a</strong></span> <span class='ocrx_word' id='word_1_327' title='bbox 613 2815 780 2888; x_wconf 65' lang='lat' dir='ltr'><strong>figura</strong></span> <span class='ocrx_word' id='word_1_328' title='bbox 813 2815 1051 2888; x_wconf 88' lang='lat' dir='ltr'><strong>superiori</strong></span> <span class='ocrx_word' id='word_1_329' title='bbox 1080 2833 1142 2865; x_wconf 82' lang='lat' dir='ltr'><strong>ex</strong></span> <span class='ocrx_word' id='word_1_330' title='bbox 1170 2810 1466 2866; x_wconf 72' lang='lat' dir='ltr'><strong>Peritiffimo</strong></span> <span class='ocrx_word' id='word_1_331' title='bbox 1498 2815 1722 2882; x_wconf 85' lang='lat' dir='ltr'><strong>Covvper</strong></span> <span class='ocrx_word' id='word_1_332' title='bbox 1757 2810 2079 2885; x_wconf 42' lang='lat' dir='ltr'><strong>exscriptam</strong></span> <span class='ocrx_word' id='word_1_333' title='bbox 2116 2829 2319 2876; x_wconf 83' lang='lat' dir='ltr'><strong>vereor,</strong></span> 
     </span>
     <span class='ocr_line' id='line_1_35' title="bbox 328 2885 2322 2962; baseline -0.005 -16"><span class='ocrx_word' id='word_1_334' title='bbox 328 2911 385 2946; x_wconf 89' lang='lat' dir='ltr'><strong>ut</strong></span> <span class='ocrx_word' id='word_1_335' title='bbox 419 2912 594 2946; x_wconf 86' lang='lat' dir='ltr'><strong>omnes</strong></span> <span class='ocrx_word' id='word_1_336' title='bbox 631 2894 715 2962; x_wconf 90' lang='lat' dir='ltr'><strong>qui</strong></span> <span class='ocrx_word' id='word_1_337' title='bbox 744 2891 989 2943; x_wconf 88' lang='lat' dir='ltr'><strong>summam</strong></span> <span class='ocrx_word' id='word_1_338' title='bbox 1023 2888 1152 2942; x_wconf 89' lang='lat' dir='ltr'><strong>illius</strong></span> <span class='ocrx_word' id='word_1_339' title='bbox 1182 2888 1451 2959; x_wconf 88' lang='lat' dir='ltr'><strong>superioris</strong></span> <span class='ocrx_word' id='word_1_340' title='bbox 1480 2889 1677 2958; x_wconf 80' lang='lat' dir='ltr'><strong>Figurae</strong></span> <span class='ocrx_word' id='word_1_341' title='bbox 1712 2885 2115 2959; x_wconf 73' lang='lat' dir='ltr'><strong>simplicitatem,</strong></span> <span class='ocrx_word' id='word_1_342' title='bbox 2156 2904 2213 2937; x_wconf 88' lang='lat' dir='ltr'><strong>ac</strong></span> <span class='ocrx_word' id='word_1_343' title='bbox 2242 2904 2322 2938; x_wconf 87' lang='lat' dir='ltr'><strong>ve-</strong></span> 
     </span>
     <span class='ocr_line' id='line_1_36' title="bbox 329 2959 2325 3035; baseline -0.005 -16"><span class='ocrx_word' id='word_1_344' title='bbox 329 2971 537 3020; x_wconf 82' lang='lat' dir='ltr'><strong>ritatem</strong></span> <span class='ocrx_word' id='word_1_345' title='bbox 577 2964 844 3035; x_wconf 85' lang='lat' dir='ltr'><strong>agnoscant</strong></span> <span class='ocrx_word' id='word_1_346' title='bbox 873 3001 891 3026; x_wconf 73' lang='grc'>,</span> <span class='ocrx_word' id='word_1_347' title='bbox 945 2963 993 3015; x_wconf 87' lang='lat' dir='ltr'><strong>id</strong></span> <span class='ocrx_word' id='word_1_348' title='bbox 1025 2960 1164 3016; x_wconf 71' lang='lat' dir='ltr'><strong>facile</strong></span> <span class='ocrx_word' id='word_1_349' title='bbox 1201 2960 1476 3014; x_wconf 86' lang='lat' dir='ltr'><strong>concedant</strong></span> <span class='ocrx_word' id='word_1_350' title='bbox 1511 3001 1523 3014; x_wconf 91' lang='lat'><strong>.</strong></span> <span class='ocrx_word' id='word_1_351' title='bbox 1579 2960 1679 3014; x_wconf 85' lang='lat' dir='ltr'><strong>Sed</strong></span> <span class='ocrx_word' id='word_1_352' title='bbox 1712 2965 1949 3030; x_wconf 83' lang='lat' dir='ltr'><strong>quoniam</strong></span> <span class='ocrx_word' id='word_1_353' title='bbox 1994 2978 2053 3012; x_wconf 77' lang='lat' dir='ltr'><strong>ex</strong></span> <span class='ocrx_word' id='word_1_354' title='bbox 2087 2959 2325 3012; x_wconf 79' lang='lat' dir='ltr'><strong>Musculis</strong></span> 
     </span>
     <span class='ocr_line' id='line_1_37' title="bbox 332 3031 2321 3111; baseline -0.005 -19"><span class='ocrx_word' id='word_1_355' title='bbox 332 3041 411 3092; x_wconf 83' lang='lat' dir='ltr'><strong>sex</strong></span> <span class='ocrx_word' id='word_1_356' title='bbox 448 3057 576 3108; x_wconf 88' lang='lat' dir='ltr'><strong>quos</strong></span> <span class='ocrx_word' id='word_1_357' title='bbox 605 3037 963 3111; x_wconf 87' lang='lat' dir='ltr'><strong>Verheyenius</strong></span> <span class='ocrx_word' id='word_1_358' title='bbox 1000 3039 1051 3089; x_wconf 92' lang='lat' dir='ltr'><strong>in</strong></span> <span class='ocrx_word' id='word_1_359' title='bbox 1085 3035 1164 3088; x_wconf 89' lang='lat' dir='ltr'><strong>sua</strong></span> <span class='ocrx_word' id='word_1_360' title='bbox 1197 3034 1336 3086; x_wconf 86' lang='lat' dir='ltr'><strong>addit</strong></span> <span class='ocrx_word' id='word_1_361' title='bbox 1366 3072 1385 3097; x_wconf 78' lang='lat'>‚</span> <span class='ocrx_word' id='word_1_362' title='bbox 1437 3034 1499 3088; x_wconf 91' lang='lat' dir='ltr'><strong>de</strong></span> <span class='ocrx_word' id='word_1_363' title='bbox 1533 3050 1748 3104; x_wconf 87' lang='lat' dir='ltr'><strong>quatuor</strong></span> <span class='ocrx_word' id='word_1_364' title='bbox 1784 3035 1986 3104; x_wconf 78' lang='lat' dir='ltr'><strong>quidem</strong></span> <span class='ocrx_word' id='word_1_365' title='bbox 2023 3032 2140 3084; x_wconf 73' lang='lat' dir='ltr'><strong>alias</strong></span> <span class='ocrx_word' id='word_1_366' title='bbox 2170 3031 2321 3085; x_wconf 83' lang='lat' dir='ltr'><strong>osten-</strong></span> 
     </span>
     <span class='ocr_line' id='line_1_38' title="bbox 340 3105 2321 3181; baseline -0.007 -17"><span class='ocrx_word' id='word_1_367' title='bbox 340 3113 501 3164; x_wconf 86' lang='lat' dir='ltr'><strong>dimus</strong></span> <span class='ocrx_word' id='word_1_368' title='bbox 539 3112 656 3181; x_wconf 86' lang='lat' dir='ltr'><strong>quid</strong></span> <span class='ocrx_word' id='word_1_369' title='bbox 690 3110 980 3165; x_wconf 81' lang='lat' dir='ltr'><strong>habendum</strong></span> <span class='ocrx_word' id='word_1_370' title='bbox 1012 3109 1148 3173; x_wconf 73' lang='lat' dir='ltr'><strong>esse,</strong></span> <span class='ocrx_word' id='word_1_371' title='bbox 1184 3108 1496 3176; x_wconf 58' lang='lat' dir='ltr'><strong>censeamus,</strong></span> <span class='ocrx_word' id='word_1_372' title='bbox 1535 3126 1667 3159; x_wconf 86' lang='lat' dir='ltr'><strong>nunc</strong></span> <span class='ocrx_word' id='word_1_373' title='bbox 1699 3106 1893 3161; x_wconf 68' lang='lat' dir='ltr'><strong>tantum</strong></span> <span class='ocrx_word' id='word_1_374' title='bbox 1931 3108 1994 3160; x_wconf 89' lang='lat' dir='ltr'><strong>de</strong></span> <span class='ocrx_word' id='word_1_375' title='bbox 2029 3105 2223 3159; x_wconf 77' lang='lat' dir='ltr'><strong>duobus</strong></span> <span class='ocrx_word' id='word_1_376' title='bbox 2250 3119 2321 3152; x_wconf 87' lang='lat' dir='ltr'><strong>re-</strong></span> 
     </span>
     <span class='ocr_line' id='line_1_39' title="bbox 338 3175 2317 3254; baseline -0.005 -14"><span class='ocrx_word' id='word_1_377' title='bbox 338 3183 486 3252; x_wconf 79' lang='lat' dir='ltr'><strong>liquis</strong></span> <span class='ocrx_word' id='word_1_378' title='bbox 536 3183 953 3254; x_wconf 86' lang='lat' dir='ltr'><strong>Chondrogloffis</strong></span> <span class='ocrx_word' id='word_1_379' title='bbox 983 3185 1051 3237; x_wconf 88' lang='lat' dir='ltr'><strong>D.</strong></span> <span class='ocrx_word' id='word_1_380' title='bbox 1087 3198 1213 3251; x_wconf 84' lang='lat' dir='ltr'><strong>quos</strong></span> <span class='ocrx_word' id='word_1_381' title='bbox 1245 3182 1297 3237; x_wconf 63' lang='grc' dir='ltr'><strong>ἅν</strong></span> <span class='ocrx_word' id='word_1_382' title='bbox 1333 3180 1578 3234; x_wconf 78' lang='lat' dir='ltr'><strong>Corniculo</strong></span> <span class='ocrx_word' id='word_1_383' title='bbox 1610 3217 1625 3224; x_wconf 87' lang='lat'><em>-</em></span> <span class='ocrx_word' id='word_1_384' title='bbox 1654 3181 1916 3251; x_wconf 68' lang='lat' dir='ltr'><strong>Lingzmles</strong></span> <span class='ocrx_word' id='word_1_385' title='bbox 1946 3197 2092 3234; x_wconf 71' lang='lat' dir='ltr'><strong>vocat</strong></span> <span class='ocrx_word' id='word_1_386' title='bbox 2125 3217 2142 3240; x_wconf 68' lang='lat' dir='ltr'>a</span> <span class='ocrx_word' id='word_1_387' title='bbox 2191 3175 2317 3225; x_wconf 72' lang='lat' dir='ltr'><strong>dice-</strong></span> 
     </span>
    </p>
   </div>
   <div class='ocr_carea' id='block_1_5' title="bbox 340 3255 2322 3373">
    <p class='ocr_par' dir='ltr' id='par_1_5' title="bbox 340 3255 2322 3373">
     <span class='ocr_line' id='line_1_40' title="bbox 340 3255 2322 3373; baseline -0.006 -63"><span class='ocrx_word' id='word_1_388' title='bbox 340 3274 453 3312; x_wconf 85' lang='lat' dir='ltr'><strong>mus</strong></span> <span class='ocrx_word' id='word_1_389' title='bbox 491 3295 503 3309; x_wconf 89' lang='lat'><strong>.</strong></span> <span class='ocrx_word' id='word_1_390' title='bbox 579 3257 845 3328; x_wconf 73' lang='lat' dir='ltr'><strong>Postquam</strong></span> <span class='ocrx_word' id='word_1_391' title='bbox 894 3257 987 3312; x_wconf 85' lang='lat' dir='ltr'><strong>hos</strong></span> <span class='ocrx_word' id='word_1_392' title='bbox 1037 3256 1121 3311; x_wconf 88' lang='lat' dir='ltr'><strong>ille</strong></span> <span class='ocrx_word' id='word_1_393' title='bbox 1168 3257 1386 3329; x_wconf 73' lang='lat' dir='ltr'><strong>primum</strong></span> <span class='ocrx_word' id='word_1_394' title='bbox 1436 3255 1752 3329; x_wconf 83' lang='lat' dir='ltr'><strong>descripserat</strong></span> <span class='ocrx_word' id='word_1_395' title='bbox 1782 3294 1799 3323; x_wconf 69' lang='lat'>2</span> <span class='ocrx_word' id='word_1_396' title='bbox 1844 3274 1901 3310; x_wconf 88' lang='lat' dir='ltr'><strong>ac</strong></span> <span class='ocrx_word' id='word_1_397' title='bbox 1948 3255 2273 3373; x_wconf 53' lang='lat' dir='ltr'><strong>delinegverat</strong></span> <span class='ocrx_word' id='word_1_398' title='bbox 2306 3283 2322 3310; x_wconf 79' lang='lat'><strong>&gt;</strong></span> 
     </span>
     <span class='ocr_line' id='line_1_41' title="bbox 2142 3338 2247 3373; baseline 0 -1"><span class='ocrx_word' id='word_1_399' title='bbox 2142 3338 2247 3373; x_wconf 81' lang='lat' dir='ltr'><strong>xer-</strong></span> 
     </span>
    </p>
   </div>
  </div>
 </body>
</html>
