2576 3607
439 214 571 271 DE
637 209 1159 267 GAWGLJJS
1225 212 1868 288 WE'RVORUM0
1984 242 2093 293 103

228 334 385 391 gunt,
427 317 587 368 donec
617 315 674 367 ad
711 334 830 377 cor,
868 332 1076 387 propter
1105 316 1392 380 mirificam,
1416 337 1471 370 ac
1514 321 1643 386 pene
1681 326 2002 388 immensam‚
2043 324 2195 394 atque

233 388 575 445 incredibilem
612 388 851 440 fibrarum
891 388 1294 460 complexionem
1329 428 1344 454 a
1384 391 1720 444 musculorum
1749 392 2053 451 fortiffimum
2087 417 2196 470 per-

229 465 484 517 veniatur.
524 463 577 513 In
616 459 970 531 posterioribus
988 461 1110 514 vero
1146 464 1579 531 quemadmodum
1616 465 1741 533 saepe
1774 465 1941 534 saepius
1968 470 2194 541 simplici-

229 553 299 587 tas
332 534 680 602 glandularum
714 532 1020 589 constituitur
1055 533 1116 585 ab
1148 539 1287 588 unica
1322 536 1604 588 membrana
1636 535 1957 589 foraminibus
1995 548 2192 607 pervia,

229 606 466 675 nudisque
497 605 729 658 folliculis
763 623 1028 669 contexta,
1060 609 1128 658 ita
1160 610 1262 676 quo
1296 611 1454 677 magis
1485 608 1786 663 membranae
1827 628 1942 662 cum
1975 616 2197 666 utriculis

225 678 411 731 fibroso
441 696 583 742 rete,
620 677 938 747 duffibusque
972 695 1081 730 tum
1119 680 1413 733 reducimus
1442 719 1459 743 ,
1511 697 1616 732 tum
1666 686 1956 735 excretoriis
1994 686 2197 754 compli-

230 767 441 814 cantur,
477 750 530 808 δε
566 769 847 818 augentur,
886 754 950 802 eo
986 748 1190 802 validius
1220 789 1235 813 a
1292 753 1341 807 δέ
1375 751 1571 805 uberius
1608 753 1954 823 glandularum
1989 774 2201 809 munera

230 822 493 894 praestant,
530 824 581 880 δε
613 822 860 892 glandulae
900 822 1245 893 conglobatae³
1283 824 1673 894 conglomeratae
1702 864 1718 890 2
1754 829 2019 897 mixtaeque
2060 829 2201 882 inclo-

228 897 289 948 lis
330 895 514 948 merito
549 911 924 965 nuncupantur.
1233 893 1241 902 ”

297 971 424 1021 Non
455 968 660 1020 absimili
694 969 887 1018 ratione
918 1003 934 1027 ‚
988 982 1137 1034 atque
1182 967 1486 1038 analogismo
1535 989 1714 1024 nervos
1761 990 1899 1026 extra
1940 974 2201 1028 calvariam

230 1040 512 1110 conjungi,
548 1040 826 1110 procedere
856 1074 870 1099 ,
926 1054 1076 1107 atque
1112 1038 1171 1091 ad
1206 1041 1418 1093 invicem
1453 1040 1567 1094 hinc
1600 1044 1733 1096 illinc
1767 1045 1982 1117 separari
2024 1048 2206 1117 depre-

229 1112 528 1165 hendimus,
563 1114 699 1165 Nam
733 1111 811 1164 alii
841 1112 977 1173 sunt,
1017 1114 1101 1179 qui
1135 1111 1244 1163 laxa
1276 1112 1464 1165 tantum
1501 1116 1789 1169 membrana
1819 1157 1834 1181 ,
1878 1119 2029 1171 veluti
2068 1122 2198 1189 vagi-

226 1202 291 1236 na
323 1188 573 1247 contenti,
605 1201 696 1252 per
727 1183 1003 1253 simplicem
1040 1184 1065 1234 a
1095 1184 1236 1235 sociis
1267 1186 1605 1240 didustionem
1628 1227 1645 1253 a
1686 1207 1741 1241 ac
1770 1191 2120 1259 sejunffionem
2152 1196 2201 1243 in

225 1260 393 1310 varios
421 1275 587 1310 ramos
619 1257 866 1309 divertere
900 1257 1259 1324 conspiciuntur
1295 1298 1306 1309 .
1362 1260 1461 1310 Sed
1496 1263 1525 1309 ii
1562 1280 1738 1314 revera
1789 1263 1887 1329 jam
1925 1279 2064 1316 antea
2099 1261 2200 1314 fue-

224 1347 343 1382 runt
376 1330 434 1382 ab
467 1331 618 1399 usque
647 1330 812 1399 spinali
843 1328 1062 1382 medulla
1093 1367 1110 1392 3
1147 1331 1352 1400 ipsoque
1390 1331 1602 1384 cerebro
1654 1337 1782 1386 inter
1818 1337 1863 1387 se
1904 1338 2101 1404 penitus
2136 1335 2202 1386 di-

225 1400 410 1466 stinffi,
445 1403 562 1454 licet
594 1406 816 1473 contigui
847 1403 1212 1472 procederent.
1250 1404 1348 1455 Alii
1379 1422 1502 1456 vero
1535 1405 1796 1459 robustiori
1831 1413 1992 1460 tunica
2012 1445 2026 1470 a
2055 1425 2114 1458 ac
2149 1407 2202 1458 fi-

228 1473 331 1526 bris
363 1493 463 1528 non
493 1472 681 1528 tantum
714 1474 1059 1540 exterius7sed
1089 1475 1290 1527 inieritis
1321 1492 1525 1545 quoque
1555 1479 1713 1545 valide
1745 1483 1953 1544 muniti,
1973 1497 2122 1548 atque
2138 1482 2202 1531 in-

230 1551 434 1599 tertexti
466 1547 493 1598 a
531 1548 770 1615 superiori
803 1547 1018 1616 Ganglio
1059 1548 1373 1617 dependent:
1414 1549 1686 1615 cujusmodi
1722 1551 1877 1620 porro
1916 1569 2190 1605 nervorum

230 1614 804 1688 complicationes(quae
837 1621 1006 1687 paffim
1037 1621 1215 1691 plexus
1249 1623 1417 1673 nervei
1446 1625 1723 1690 vocantur)
1767 1627 1963 1693 quoties
2000 1627 2049 1676 in
2087 1642 2199 1675 ova-

227 1692 367 1754 lem,
405 1710 486 1744 aut
519 1692 690 1743 saltem
726 1690 1067 1744 hordeaceum
1102 1709 1355 1745 tumorem
1383 1696 1584 1746 minime
1618 1695 1906 1759 elevantur,
1948 1714 2042 1765 pro
2072 1695 2204 1748 abso-

225 1764 372 1826 lutis,
409 1763 733 1834 perfectisque
765 1765 984 1834 Gangliis
1019 1783 1121 1816 non
1153 1766 1385 1816 videntur
1425 1765 1821 1834 conliderandae3
1861 1767 2037 1820 verum
2071 1771 2193 1820 acci-

228 1836 423 1906 piendae
453 1836 559 1887 sunt
590 1836 667 1888 vel
697 1854 793 1907 pro
826 1837 1065 1888 tendineis
1104 1837 1466 1907 propaginibus
1493 1839 1819 1908 supernorum
1837 1841 2190 1908 Gangliorum,

227 1909 308 1960 vel
339 1904 515 1977 (quod
549 1927 649 1961 non
681 1912 964 1978 negaverim
993 1911 1013 1973 )
1059 1927 1157 1977 pro
1207 1910 1606 1978 colligationibus
1656 1912 1873 1980 plurium
1906 1911 2057 1964 simul
2098 1930 2203 1963 ner-

230 1988 409 2031 vorum
440 2017 458 2041 a
512 1997 639 2048 quos
671 1981 921 2031 interdum
952 1982 1050 2046 ipsa
1078 1983 1273 2034 Natura
1301 2019 1318 2043 ,
1357 1983 1524 2035 medio
1559 1984 1774 2050 quodam
1822 1985 2035 2036 artificio
2069 1987 2201 2035 inter

232 2051 513 2120 perfePturn
548 2051 920 2118 Ganglium3&
958 2051 1230 2120 simplicem
1263 2056 1512 2116 tunicam„
1534 2054 1887 2123 ne&it,atque
1921 2056 2206 2125 complicat‘,

233 2139 344 2191 quae
377 2123 577 2191 quidem
611 2125 807 2175 Natura
838 2121 1117 2174 industriori
1153 2127 1353 2176 tandem
1371 2141 1527 2192 opere
1556 2127 1737 2177 eadem
1769 2127 1955 2192 majora
1974 2127 2204 2195 Ganglia,

233 2213 326 2246 ceu
361 2195 792 2264 conglomeratas,
821 2191 1073 2261 mistasque
1112 2195 1401 2263 glandulas,
1434 2196 1485 2251 ὃς,
1514 2197 1670 2249 veluti
1701 2197 2051 2252 robustissimos
2088 2216 2197 2251 mu-

227 2266 386 2320 sculos
422 2265 685 2330 exstruxit‚
724 2266 777 2321 δε
806 2265 1043 2317 fabricata
1080 2266 1177 2319 est.

302 2340 365 2389 Et
395 2355 681 2408 quanquam
727 2339 789 2390 ad
836 2337 1143 2408 propositam
1174 2341 1510 2411 Gangliorum
1557 2343 1937 2410 disputationem
1974 2342 2198 2413 propere

231 2411 640 2463 descendentibus
686 2411 1055 2463 immorandum
1106 2412 1248 2465 nobis
1280 2414 1477 2465 minime
1531 2414 1785 2467 videretur
1822 2418 1869 2467 in
1902 2434 2080 2467 eorum
2117 2417 2198 2467 de-

227 2483 481 2536 scribenda
524 2484 729 2553 figura3
782 2499 952 2539 tamen
989 2487 1102 2552 quia
1149 2486 1378 2556 plerique
1430 2489 1709 2555 Scriptores
1757 2487 1815 2539 ad
1849 2487 2003 2553 illam*
2039 2490 2201 2558 expri-

228 2557 463 2607 mendam
496 2555 569 2608 usi
599 2556 707 2608 fiant
737 2572 865 2608 voce
895 2556 1146 2609 nodorum
1181 2596 1198 2621 ,
1238 2558 1382 2611 dusta
1421 2557 1448 2609 ἐ
1480 2559 1657 2629 plantis
1687 2558 2003 2611 similitudine
2034 2583 2047 2627 3
2088 2580 2189 2613 nori

229 2624 328 2676 abs'
351 2644 406 2677 re
437 2626 660 2679 futurum
691 2627 986 2681 arbitramur
1018 2667 1035 2692 ,
1089 2629 1124 2681 fi
1158 2631 1221 2682 ad
1271 2647 1532 2683 externam
1569 2632 1789 2700 ipsorum
1847 2648 2047 2699 quoque
2075 2633 2200 2700 figu-

230 2713 340 2748 ram
374 2700 591 2748 animum
625 2698 793 2748 obiter
830 2701 1188 2752 adverterimus
1217 2740 1228 2752 .
1265 2703 1378 2769 Ego
1411 2705 1541 2753 enim
1576 2704 1768 2772 semper
1801 2705 2056 2770 suspicatus
2075 2705 2197 2764 sum,

233 2769 596 2823 Recentiorum
630 2771 1046 2820 Anatomicorum
1078 2789 1273 2822 mentes
1305 2773 1365 2822 ab
1397 2771 1676 2838 hujufinodi
1713 2775 2040 2839 Gangliorum
2078 2792 2195 2825 cum

232 2841 378 2892 nodis
414 2838 726 2891 fimilitudine
759 2856 1128 2910 praeoccupatas
1171 2841 1231 2892 ad
1261 2841 1463 2892 illorum
1504 2844 1612 2893 usus
1641 2842 2032 2912 investigandos,
2067 2848 2198 2898 inve-

233 2912 535 2980 niendosque
572 2909 712 2962 fuisse
742 2913 1037 2982 praepeditas
1067 2934 1080 2979 3
1134 2930 1248 2964 nam
1281 2930 1341 2964 ex
1375 2913 1657 2982 plantarum
1704 2918 1953 2968 Anatome
1985 2918 2097 2968 satis
2129 2921 2199 2968 in-

233 2985 468 3047 notescit,
507 2982 743 3035 frumenti
776 2983 1004 3053 genicula
1034 3017 1053 3047 3
1090 2984 1387 3038 arundinum
1417 3023 1434 3049 ‚
1473 2985 1812 3054 arborumque
1846 2989 2006 3040 nodos
2040 2991 2194 3042 circu-

235 3057 423 3120 larem,
460 3073 560 3107 non
594 3054 867 3124 oblongam
896 3056 1110 3125 figuram
1142 3056 1427 3125 praeseferre
1454 3096 1471 3121 ‚
1513 3077 1570 3110 ac
1598 3060 1753 3111 veluti
1783 3061 2078 3113 intertextas
2117 3080 2199 3114 zo-

236 3147 323 3181 nas
353 3165 371 3191 a
423 3126 723 3195 annulosque
750 3129 970 3198 stirpium
1000 3128 1152 3181 fibras
1180 3166 1198 3191 2
1253 3146 1310 3181 ac
1355 3129 1558 3183 tubulos
1603 3129 1626 3194 ·(
1658 3130 1742 3182 ubi
1778 3147 1862 3183 aut
1896 3133 1943 3184 in
1982 3135 2201 3187 novellas

239 3217 497 3270 gemmas,
534 3214 620 3252 aut
649 3201 699 3252 in
733 3197 850 3253 folia
883 3200 1029 3270 dirigi
1061 3200 1275 3267 debent,
1314 3217 1462 3271 atque
1495 3202 1676 3256 absumi
1710 3204 1730 3271 )
1765 3221 1829 3256 ne
1862 3199 2199 3268 dissolvantur,

2070 3296 2125 3331 HC
