2501 3602
438 209 513 244 ῃ.
726 178 1779 254 ADVERSARJA'A‘NAT·
1847 177 1962 238 VJ.

545 306 1738 413 ANIMADVERSIO
1837 332 2139 404 xviii.

515 508 671 566 Erum
713 507 787 562 his
819 506 961 562 mistis
997 504 1059 555 ad
1095 498 1399 571 singularum
1424 496 1640 571 ''Figurae
1679 497 1900 570 partium
1936 499 2338 568 Explicationem

132 580 203 663 {221
218 578 331 664 [Αἱρεῖ
555 601 855 656 pergamus,
892 581 958 631 Et
995 572 1217 645 primum
1252 570 1312 626 ad
1344 572 1536 626 litteras
1570 589 1671 623 aa.
1729 609 1764 635 „
1802 570 2154 640 Duplicaturas
2185 570 2338 624 osten-

100 636 214 713 ἔθυέ
231 643 387 727 ζῖἶῖεη,
426 659 495 712 dit
524 660 681 714 Durae
711 653 996 719 Meningis,
1034 663 1267 718 apertaS,
1288 645 1341 702 δε
1372 648 1434 699 ad
1474 647 1626 700 latera
1661 645 1915 699 revolutas
1947 664 1958 696 :
1990 681 2024 706 „
2064 661 2178 712 quas
2206 644 2340 697 vide-

107 741 205 815 {fflb
229 735 333 766 Lm·
352 736 473 788 licet
518 733 638 784 olim
687 723 970 778 ostenderat
1024 721 1108 775 Cl.
1139 717 1457 774 Vieuffenius
1492 723 1544 773 in
1594 721 1864 791 superioris
1906 717 2116 769 Tabulae
2146 720 2249 786 Fig.
2292 735 2339 786 3.

106 784 179 819 ω’
209 795 276 820 ‘⁶¹‘
352 809 414 860 ad
445 804 531 864 Η,
569 800 621 855 &
652 792 945 852 laudabilius
979 795 1218 865 quidem,
1255 810 1311 846 ut
1343 792 1515 864 postea
1551 792 1778 847 docebo.
1821 794 2029 844 Atenim
2058 828 2074 853 ,
2112 792 2340 858 inquieS,

351 897 433 932 eas
464 869 779 927 Vieuffenius
813 865 1028 939 Craffam
1059 871 1347 937 Meningem
1377 865 1509 931 effe,
1551 867 1674 919 dixit
1705 905 1721 932 ,
1757 885 1858 919 non
1893 864 2036 933 liujus
2067 863 2334 934 Duplicatu-

350 969 434 1003 ras
464 986 481 1012 ,
540 946 622 1000 vel
660 944 799 997 certe
833 961 1008 996 earum
1040 941 1355 994 latitudinem
1390 945 1591 1014 quinque
1620 978 1638 1004 ,
1691 954 1773 992 aut
1792 937 1895 1009 sex
1938 939 2180 989 linearum
2214 934 2341 998 esse,

350 1043 451 1078 non
489 1021 692 1073 docuit.
729 1015 953 1070 Primum
990 1016 1108 1084 quid
1131 1052 1148 1078 ,
1184 1013 1392 1067 obsecro
1427 1034 1477 1067 te
1508 1053 1525 1078 ,
1578 1013 1614 1066 si
1652 1017 1758 1083 quis
1790 1013 1963 1065 mallet
1998 1030 2114 1064 cum
2147 1010 2228 1063 Cl.
2265 1010 2345 1060 Li-

350 1100 451 1150 trio
488 1094 688 1147 easdem
725 1108 820 1161 pro
854 1091 1112 1160 superiore
1145 1086 1326 1140 lamina
1356 1091 1510 1141 Durae
1548 1089 1802 1156 Meningis
1831 1124 1848 1150 ,
1905 1089 2053 1156 quam
2085 1102 2180 1156 pro
2215 1097 2347 1134 nova

350 1170 497 1239 hujus
533 1164 882 1239 proclamem,
920 1162 1002 1214 seu
1035 1159 1350 1230 duplicatura
1385 1159 1615 1214 habere?
1652 1161 1853 1213 Deinde
1887 1159 1988 1227 ipse
2029 1151 2343 1211 Vieuffenius

354 1248 403 1296 in
433 1238 893 1311 Receptaculorum
948 1235 1280 1304 descriptione
1314 1273 1331 1298 ,
1388 1250 1500 1303 quae
1553 1235 1756 1302 quidem
1788 1231 1910 1284 nihil
1957 1233 2065 1283 sunt
2098 1229 2227 1282 aliud
2259 1225 2347 1279 nifi

107 1307 318 1398 {velvrogri
354 1315 448 1370 istae
481 1315 592 1385 ipsae
624 1310 857 1365 laterales
890 1327 1051 1362 caveae
1076 1307 1187 1378 ff,
1225 1308 1402 1360 diserte
1433 1308 1639 1360 tradidit
1674 1329 1685 1360 :
1720 1346 1753 1372 „
1791 1303 1991 1358 craffam
2022 1307 2349 1372 meningem,

127 1387 136 1397 ’
190 1388 200 1397 ’
230 1371 265 1400 c'
319 1390 387 1457 ⁴„
425 1389 524 1459 qua
571 1403 712 1457 parte
767 1383 986 1437 calvariae
1043 1381 1144 1434 basi
1200 1381 1455 1436 arffiffime
1491 1379 1713 1433 adhaeret
1741 1419 1758 1444 ,
1799 1382 1983 1432 circum
2017 1377 2184 1430 sellam
2217 1377 2352 1442 equi-

351 1502 387 1529 „
419 1480 578 1524 nam,
619 1477 770 1529 quam
804 1458 1131 1526 undiquaque
1161 1454 1365 1509 interius
1401 1454 1610 1507 obducit
1648 1491 1665 1517 ,
1717 1457 1783 1506 ita
1815 1456 1865 1504 in
1897 1452 2200 1522 semetipsam
2234 1464 2349 1496 comr-

351 1575 389 1602 3,
419 1536 628 1606 plicari,
666 1549 722 1584 ut
760 1533 811 1582 in
845 1531 966 1582 duas
995 1529 1151 1582 veluti
1183 1531 1357 1602 specus
1390 1526 1569 1582 abeat.
1602 1564 1637 1592 „
1677 1527 1841 1595 Qod
1891 1526 1925 1578 fi
1965 1525 2109 1592 hujus
2146 1520 2348 1590 compli-

354 1610 560 1662 cationis
597 1605 912 1659 latitudinem
945 1623 1045 1657 non
1081 1602 1305 1657 definivit
1337 1642 1355 1667 ,
1404 1620 1589 1672 nempe
1627 1600 1761 1653 haud
1796 1600 1965 1654 fecisse
1997 1637 2015 1662 ,
2055 1597 2351 1649 existimave-

352 1687 486 1745 rim,
523 1699 587 1733 ne
622 1682 864 1750 ignorare
893 1678 1184 1740 videretur,
1223 1677 1368 1729 aliam
1409 1681 1456 1730 in
1494 1677 1598 1728 aliis
1649 1673 1969 1728 cadaveribus
2005 1672 2239 1724 inveniri.

107 1766 327 1814 &posta-0.
353 1758 422 1809 At
455 1755 590 1807 idem
621 1791 638 1816 ,
680 1753 874 1820 inquies
912 1788 929 1813 ,
966 1753 1167 1802 tertiam
1212 1751 1344 1802 illam
1386 1748 1771 1820 produfi‘ionem
1804 1745 1843 1798 d
1865 1745 2197 1818 posteriorem
2227 1775 2256 1803 ,-
2297 1736 2350 1792 δε

352 1826 755 1885 tr-ansversalem,
792 1823 844 1876 ἃ
877 1823 1013 1889 quod
1050 1823 1399 1889 consequitur,
1445 1838 1647 1873 caveam
1678 1837 1755 1868 uu
1790 1839 1902 1870 cum
1934 1813 2221 1868 lateralibus
2255 1811 2347 1862 illis

343 1899 434 1971 ff
454 1898 918 1950 communicantem
954 1893 1084 1945 haud
1121 1896 1288 1944 novit.
1365 1894 1528 1945 Novit
1564 1889 1688 1943 vero
1722 1888 1849 1943 hanc
1886 1907 2119 1950 caveam,
2151 1886 2202 1941 δε
2232 1883 2349 1937 deli-

111 1971 208 2027 Hfst.
222 1976 331 2013 Part.
358 1974 523 2025 neavit
542 1966 810 2022 Ortlobius
828 2004 844 2029 ,
865 1965 1175 2034 eandemque
1212 1966 1415 2016 Sinuum
1435 1964 1564 2016 sellae
1597 1964 1786 2029 equinae
1817 1962 2146 2028 adjacentium
2167 1994 2200 2020 „
2219 1974 2352 2009 com-

110 2022 280 2118 ἕξω·
356 2082 391 2109 „
431 2043 823 2095 municationem
875 2037 937 2088 ad
967 2036 1094 2088 sellae
1142 2039 1342 2086 turcicae
1393 2036 1681 2106 processum
1716 2032 1960 2105 posticum
2007 2032 2107 2082 esse
2140 2067 2157 2093 ,
2195 2030 2345 2091 dixit,

354 2155 388 2181 „
430 2133 540 2185 quae
569 2110 871 2185 produf‘liO,
907 2111 1069 2178 inquit
1099 2146 1116 2171 ,
1154 2126 1254 2159 non
1286 2108 1562 2176 incongrue
1602 2106 1913 2159 tranversalis
1949 2144 1965 2169 ,
2007 2121 2088 2156 aut
2125 2101 2349 2155 concilia-

353 2226 390 2252 „
424 2191 548 2240 toris
581 2182 710 2239 finfis
744 2184 949 2237 nomine
977 2182 1201 2234 vocanda
1234 2178 1381 2245 est.„
1421 2179 1583 2248 Quod
1621 2176 1657 2231 fi
1690 2178 1822 2234 forte
1855 2196 2073 2247 quaeraS,
2112 2194 2200 2229 cur
2219 2174 2347 2226 hanc

354 2262 679 2314 Vieussenius
716 2276 818 2310 non
849 2257 1235 2317 memoraverit,
1272 2271 1440 2324 neque
1473 2256 1704 2307 docuerit
1734 2292 1750 2318 ,
1789 2271 1957 2305 caveas
2003 2268 2111 2318 quae
2145 2248 2206 2302 ab
2237 2248 2354 2302 late-

356 2333 529 2397 ribus,
568 2333 620 2388 ὅ(
652 2331 679 2383 a
712 2348 863 2399 tergo
893 2328 1060 2382 sellam
1112 2326 1334 2379 ambiunt
1369 2365 1384 2390 ,
1447 2325 1482 2378 fi
1520 2328 1752 2380 universae
1790 2342 1973 2395 apertae
2004 2325 2352 2392 inspiciantur,

159 2411 292 2464 343·
355 2445 390 2470 „
426 2407 779 2477 repraesentare
830 2404 1066 2454 inversam
1117 2401 1337 2453 litteram
1385 2402 1616 2452 Graecam
1669 2397 1991 2469 majusculam
2019 2433 2035 2456 ,
2068 2397 2158 2456 Pi,
2196 2392 2280 2459 Π·,
2318 2430 2351 2454 „

355 2479 460 2530 hoc
493 2480 519 2530 a
553 2497 635 2529 me
671 2475 961 2546 responsum
994 2471 1227 2526 habebis:
1272 2472 1458 2541 pluries
1493 2471 1700 2525 fortasse
1749 2470 1979 2523 accidisse
2011 2465 2354 2521 Exercitatiffi-

357 2570 447 2605 mo
477 2552 605 2603 Viro
638 2550 686 2601 id
719 2547 857 2618 quod
887 2545 1011 2599 mihi
1045 2545 1182 2597 brevi
1222 2548 1464 2614 temporis
1510 2545 1668 2613 spatio
1712 2548 1762 2598 in
1802 2541 2000 2596 duobus
2036 2538 2353 2592 cadaveribus

362 2627 602 2693 contigit,
639 2639 696 2675 ut
727 2622 924 2674 videret
961 2618 1142 2671 scilicet
1178 2615 1507 2688 posteriorem
1544 2617 1681 2670 istam
1733 2633 1937 2670 caveam
1969 2632 2046 2663 uu
2082 2612 2198 2665 alias
2250 2612 2356 2663 nul-

359 2696 689 2767 lamprorsus
731 2695 833 2747 esse
865 2732 883 2758 ,
919 2692 1039 2745 alias
1070 2709 1239 2745 autem
1289 2694 1357 2742 ita
1395 2706 1604 2760 parvam
1648 2730 1664 2754 ,
1721 2708 1802 2743 aut
1848 2688 2055 2741 etiama
2094 2684 2350 2757 spongiosa

359 2772 494 2824 ossea
538 2767 796 2823 substantia
839 2766 1098 2838 processus
1129 2764 1302 2836 postici
1336 2764 1464 2817 sellae
1501 2766 1693 2833 equinae
1731 2765 1752 2829 (
1788 2763 1924 2834 quod
1961 2761 2064 2813 vidi
2103 2765 2149 2812 in
2191 2761 2352 2827 capite

361 2843 575 2897 hominis
612 2861 771 2895 annos
809 2843 1171 2911 quinquaginta
1213 2838 1349 2906 nati)
1384 2836 1450 2895 fic
1486 2839 1814 2908 impeditam,
1856 2854 1910 2889 ut
1951 2853 2063 2886 cum
2102 2834 2350 2902 Recepta-

364 2917 482 2970 culis
516 2920 703 2987 pariter
736 2914 1139 2978 describendam,
1177 2912 1564 2983 ponendamque
1622 2912 1756 2974 esse,
1795 2928 1893 2963 non
1934 2908 2203 2961 censuerit.
2257 2903 2352 2955 Ut-

363 3008 563 3060 cunque
598 2990 648 3042 id
679 2987 778 3056 est3
818 2985 930 3040 cum
965 2990 1134 3040 omnia
1165 3002 1277 3055 quae
1310 2984 1545 3038 hasterius
1576 2984 1622 3035 in
1664 2987 1878 3055 Figura,
1916 2983 1968 3038 ἃ
1999 2980 2344 3052 Explicatione

363 3062 448 3114 ista
478 3063 728 3125 vidimtiS,
768 3060 872 3112 aliis
917 3080 1018 3113 non
1062 3064 1234 3129 ignota
1282 3057 1457 3121 fuisse,
1494 3055 1712 3120 constet,
1760 3057 1882 3109 illud
1924 3073 2078 3108 unum
2117 3048 2346 3113 relinqui—

365 3149 473 3196 tur,
513 3151 567 3185 ut
608 3152 917 3204 quaeramuS,
954 3151 1073 3185 num
1109 3132 1169 3185 ab
1202 3131 1306 3184 ullo
1337 3135 1487 3184 etiam
1519 3130 1754 3200 scriptum
1791 3129 1975 3182 fuerit:
2016 3127 2076 3178 ab
2110 3123 2203 3175 istis
2238 3122 2345 3171 Du-

365 3221 433 3255 rae
481 3206 658 3259 Matris
707 3205 1120 3277 produfflonibus
1148 3243 1183 3270 „
1227 3205 1504 3260 notabilem
1538 3204 1661 3260 sacci
1709 3204 1919 3276 speciem
1951 3196 2210 3255 efformari
2243 3230 2260 3254 ,
2296 3195 2346 3243 in

2110 3306 2144 3333 υ
2182 3263 2280 3335 qu&

181 1075 248 1111 307
