2576 3607
441 204 530 273 ‘34
727 189 1395 267 ADVERSARJA
1462 191 1777 253 A‘NAT.
1839 194 1955 254 JV.

348 307 474 364 vero
508 305 544 357 fi
582 301 690 356 haec
720 303 823 356 duo
856 318 1097 372 praeterea
1131 300 1250 353 scire
1289 301 1577 352 Tetraneus
1621 299 1885 372 potuiffet,
1925 301 2174 375 pe1·fe&us
2214 321 2329 378 pro.

352 381 432 434 cul
468 377 629 431 dubio
662 379 990 430 Anatomicus
1025 373 1289 430 extitisset.
1344 374 1592 440 Qiaenam
1624 391 1791 429 tamen
1824 375 1930 430 haec
1965 380 2067 431 duo
2101 378 2226 444 fint,
2261 382 2328 431 vi-

350 457 584 508 deamus.
621 488 656 514 „
691 451 952 510 Primum,
991 448 1128 516 quod
1163 467 1264 500 non
1299 464 1400 498 tam
1439 448 1641 515 copiosa
1669 467 1761 516 per
1795 450 2049 504 urethram
2083 454 2190 506 sunt
2218 492 2234 514 ,
2270 469 2328 506 ut

348 565 385 592 „
423 527 525 597 ipse
557 524 787 593 depingit
815 560 833 586 ,
870 523 1152 574 exere-toria
1185 520 1512 589 hujusmodi,
1555 537 1604 572 et
1643 538 1817 576 eorum
1858 525 2057 577 ostiola.
2096 563 2130 590 „
2181 529 2330 597 Equi-

353 601 470 653 dem
502 596 636 649 haud
672 594 789 648 raro
823 614 923 648 non
971 594 1056 645 nisi
1104 611 1265 662 pauca
1313 595 1585 649 admodum
1631 596 1839 664 conspici
1880 595 2103 668 possunt,
2147 605 2230 668 qui
2264 619 2332 654 ta-

351 692 468 725 men
501 671 739 739 plurimas
770 707 784 731 ,
823 667 960 722 velut
995 666 1020 717 a
1054 665 1194 718 nobis
1225 665 1409 721 fafitum
1442 665 1510 721 est
1545 705 1560 730 ,
1597 664 1821 721 urethras
1860 672 2090 725 accurate)
2118 675 2334 745 inspexe-

351 747 451 807 rit,
489 746 528 794 is
576 747 628 795 in
678 761 781 795 non
830 742 999 809 paucis
1044 740 1245 807 quidem
1286 754 1364 790 tot
1401 738 1560 792 ferme
1592 778 1608 802 ,
1647 743 1694 792 in
1740 744 1986 797 nonnullis
2017 745 2140 798 vero
2177 751 2333 800 etiam

353 814 519 870 multo
549 816 691 885 plura
724 812 873 882 quam
908 812 1196 863 Terraneus
1229 810 1521 875 delineavit,
1564 818 1843 883 comperiet
1883 814 2082 870 ostiola.
2120 859 2154 884 „
2197 821 2336 873 Alte-

353 928 388 954 „
425 906 570 948 rum,
609 890 794 954 inquit,
833 881 969 953 quod
1007 881 1180 947 altius,
1221 885 1359 937 certe
1392 884 1620 943 desinunt
1656 904 1921 955 antequam
1956 893 2094 957 penis
2127 895 2173 945 in
2207 893 2336 945 bala-

355 1000 389 1025 „
425 978 544 1012 num
589 962 799 1025 veniat3
842 955 974 1014 adeo
1024 974 1080 1009 ut
1125 975 1307 1010 eorum
1349 959 1485 1012 nulla
1527 963 1577 1011 in
1624 959 1803 1013 balano
1853 964 2338 1031 animadvertantur,

356 1072 390 1099 Ὤ
427 1032 563 1101 quod
612 1032 743 1084 ultra
780 1029 998 1098 ejusdem
1051 1029 1073 1093 (
1106 1031 1355 1085 Terranei
1385 1035 1406 1104 )
1455 1033 1674 1103 figuram
1703 1072 1720 1097 ,
1759 1033 1813 1093 δε
1849 1037 2136 1092 sententiam
2176 1037 2271 1091 est.
2310 1076 2345 1101 „

358 1107 480 1160 Hoc
514 1122 755 1173 quoque,
792 1102 829 1158 fi
859 1103 1098 1173 plurimas
1142 1101 1422 1174 inspexisset
1461 1105 1687 1162 urethras
1719 1127 1819 1162 non
1861 1111 1921 1162 ad
1964 1109 2093 1164 hunc
2130 1113 2344 1164 modurn

360 1178 791 1248 reprehendisset,
830 1177 914 1228 sed
956 1194 1012 1227 ea
1047 1175 1238 1228 tantum
1285 1181 1478 1232 ratione
1511 1196 1607 1248 qua
1644 1199 1734 1232 nos
1773 1181 1990 1252 superius
2031 1183 2347 1255 reprehendi-

362 1271 502 1305 mus.
548 1250 752 1306 Scilicet
785 1268 887 1302 non
917 1248 1004 1306 nifi
1049 1249 1168 1302 raro
1216 1252 1424 1315 accidit,
1460 1270 1517 1305 ut
1564 1253 1737 1313 ostiola
1773 1259 1820 1306 in
1865 1273 2095 1309 extrema
2130 1256 2348 1310 urethrae

365 1342 509 1396 parte
540 1326 929 1395 conspiciantur,
967 1339 1164 1391 neque,
1204 1325 1252 1377 id
1296 1322 1410 1377 cum
1453 1329 1628 1383 accidit
1655 1366 1672 1391 ,
1712 1331 1758 1384 in
1793 1328 1925 1393 sola,
1964 1347 2019 1382 ut
2056 1331 2350 1387 Terraneus

364 1403 560 1470 pingit,
598 1397 859 1453 cavernula
905 1399 1252 1451 inveniuntur.
1308 1399 1565 1456 Interdum
1615 1417 1784 1455 tamen
1832 1406 1881 1456 in
1931 1422 2154 1460 extrema
2195 1408 2348 1457 etiam

366 1471 588 1524 urethrae
624 1488 799 1544 parte,
837 1469 889 1525 ἃ
926 1470 1081 1523 multa
1112 1471 1346 1539 quidem,
1369 1471 1684 1542 spe&antt1r,
1717 1493 1774 1527 ac
1807 1479 2074 1543 praesertim
2110 1478 2209 1551 qua
2243 1494 2351 1529 ure-

367 1543 479 1599 thra
513 1563 714 1601 coronae
748 1543 940 1614 glandis
973 1542 1157 1600 subest.
1221 1545 1356 1613 Q1ae
1387 1544 1423 1596 fi
1462 1546 1648 1601 Noster
1682 1565 1894 1617 propter
1925 1553 2216 1619 parvitatem
2251 1569 2353 1603 non

366 1617 596 1685 vidisset3
638 1635 686 1669 at
723 1617 861 1669 certe
899 1634 963 1670 ex
993 1619 1220 1671 maximis
1250 1618 1345 1673 illis
1389 1618 1563 1672 nostris
1595 1620 1796 1687 aliquod
1825 1624 2096 1692 praesertim
2137 1627 2356 1693 triangu-

367 1690 474 1743 lare
507 1687 528 1754 <
561 1695 724 1759 prima
758 1693 891 1741 enim
948 1688 1041 1741 hac
1074 1690 1244 1758 saepitis
1291 1691 1456 1759 figura
1491 1693 1600 1743 sunt
1630 1696 1650 1759 )
1686 1692 1737 1746 ὃς
1782 1710 1953 1748 contra
1992 1712 2265 1760 coronam,
2305 1695 2358 1751 ὃς

367 1763 496 1817 infra
530 1781 800 1824 coronam,
845 1761 929 1813 ubi
969 1781 1059 1813 nos
1099 1761 1151 1816 ἃ
1193 1763 1305 1815 alias
1336 1767 1384 1815 in
1425 1763 1677 1817 nonnullis
1708 1802 1724 1828 ,
1763 1764 1815 1821 δε
1851 1767 2104 1836 superiore
2135 1787 2266 1821 anno
2305 1771 2355 1821 in

371 1837 595 1903 quodam
628 1839 720 1906 'qui
765 1837 813 1888 se
847 1835 1106 1904 suspendio
1154 1853 1449 1900 necaverat,
1490 1836 1543 1891 δέ
1578 1836 1680 1889 hoc
1717 1839 1821 1909 ipso
1858 1860 1987 1893 anno
2033 1843 2082 1893 in
2127 1841 2355 1904 duobus,

376 1927 490 1962 cum
510 1909 843 1966 Auditoribus
872 1906 1046 1964 nostris
1082 1909 1296 1962 vidimus
1318 1933 1327 1975 3
1348 1929 1447 1963 non
1478 1911 1650 1965 videre
1689 1931 1789 1968 non
1820 1913 2143 1982 potuisset,fi
2183 1915 2361 1969 revera

156 1982 350 2042 Deib'sd‘m
376 1985 424 2036 in
458 1983 682 2050 plurimis
720 1980 936 2035 utethris
971 1982 1280 2051 inspexisset,
1320 1982 1370 2038 &
1411 2002 1588 2037 eorum
1624 1986 1825 2057 quidem
1864 2004 1990 2058 quos
2020 1987 2088 2040 ob
2128 2005 2362 2050 aetatem,

130 2039 352 2130 fiffmffjs'sffi
377 2057 606 2110 Partium
650 2055 827 2107 harum
870 2055 1261 2124 magnitudinem
1294 2095 1311 2120 ,
1353 2075 1410 2108 ac
1441 2060 1552 2109 vitae
1590 2077 1747 2128 genus
1797 2058 1913 2112 huic
1953 2064 2169 2117 examini
2206 2064 2364 2130 magis

130 2140 353 2182 νικῶ-πώ
381 2132 590 2181 idoneos
622 2129 911 2191 censuisset,
949 2145 1007 2183 ac
1052 2129 1273 2199 denique
1311 2129 1464 2198 sibaut
1511 2130 1776 2184 secundum
1821 2133 2040 2185 urethrae
2064 2131 2364 2195 ¹inferiorern

134 2191 330 2276 ³³}72‘2'prjffi
378 2203 748 2271 longitudinem
777 2239 794 2264 ,
835 2217 921 2254 aut
970 2200 1032 2258 ,ab
1080 2202 1186 2270 ejus
1223 2203 1381 2256 latere
1408 2240 1425 2265 ,
1466 2206 1892 2272 quemadmodum
1940 2225 2036 2259 nos
2082 2208 2208 2275 saepe
2253 2206 2367 2264 feci-

124 2256 350 2342 ffhnguedaes.
381 2295 526 2338 mus,
565 2276 829 2331 seffiionem
876 2272 1149 2330 instituisset
1171 2316 1182 2327 .
1236 2278 1374 2330 Nam
1407 2275 1569 2345 aliqua
1602 2281 1650 2335 in
1682 2298 1738 2332 re
1773 2278 1910 2329 certe?
1941 2279 2185 2330 defecerit
2216 2297 2368 2347 opor-

379 2365 454 2402 tet
485 2352 569 2417 qui
597 2352 644 2401 in
687 2350 918 2421 supremo
953 2346 1171 2399 urethrae
1205 2351 1399 2417 pariete
1432 2349 1655 2409 nondum
1689 2351 1869 2403 viderit
1903 2354 2003 2405 esse
2043 2352 2368 2410 Canaliculos

380 2422 448 2474 ob
478 2422 781 2491 peculiarem
823 2421 875 2475 <31
909 2421 1114 2483 sedem,
1153 2420 1205 2476 ἃ
1244 2421 1555 2474 orificiorum
1590 2423 1843 2493 figuram,
1883 2425 1935 2481 ὃς
1971 2426 2371 2495 magnitudinem

384 2496 654 2563 praesertim
695 2495 722 2546 a
772 2497 961 2546 caereris
1009 2493 1406 2564 distinguendOS.
1465 2498 1586 2548 Non
1640 2496 1800 2549 modo
1851 2500 1985 2552 enirn
2028 2496 2370 2566 quodcunque

384 2569 587 2618 maximi
619 2586 794 2619 eorum
834 2568 1106 2625 admittunt
1136 2568 1388 2635 specillum
1408 2606 1423 2631 ,
1459 2573 1625 2628 caeteri
1657 2589 1757 2623 non
1789 2569 1946 2622 solent
1978 2573 2270 2639 admittere,
2291 2571 2373 2622 sed

387 2636 498 2691 cum
533 2638 581 2695 hi
617 2655 834 2690 attentos
868 2641 1161 2707 defixosque
1197 2641 1499 2709 Spefflatoris
1518 2642 1693 2694 oculos
1723 2642 2054 2712 utplurimum
2085 2650 2372 2713 requirant·⁷

387 2711 456 2764 illi
493 2709 653 2763 statim
691 2729 841 2778 atque
876 2711 1079 2764 urethra
1114 2730 1283 2783 aperta
1318 2712 1570 2776 est,ultr‚6
1602 2715 1762 2771 solent
1794 2719 1841 2772 in
1876 2717 2053 2770 oculos
2082 2721 2374 2780 incurrere,

387 2803 491 2837 non
528 2803 669 2840 meos
701 2785 995 2847 dumtaxat,
1037 2802 1120 2839 aut
1171 2805 1404 2839 meorum
1451 2788 1756 2847 Auditorum
1789 2827 1805 2850 ,
1845 2794 1928 2856 qui
1959 2808 2065 2842 rem
2107 2792 2152 2844 se
2185 2791 2373 2842 habere

390 2857 452 2909 ad
488 2855 624 2916 hunc
656 2859 870 2909 modum
911 2857 964 2911 ἃ
1001 2861 1123 2914 meis
1159 2861 1206 2910 in
1254 2859 1440 2913 aedibus·
1469 2896 1486 2921 ,
1526 2860 1579 2913 ὃς
1609 2864 1659 2911 in
1704 2861 2138 2924 Nosocomio,'&
2183 2865 2230 2914 in
2269 2865 2374 2930 Gy-

388 2928 579 2983 mnafio
617 2933 812 3000 {emper
853 2928 1234 2998 constanterque
1270 2932 1507 2984 viderunt
1533 2969 1551 2994 ,
1586 2933 1670 2984 sed
1709 2933 1761 2986 δε
1811 2935 2021 2985 aliorum
2055 2933 2376 2988 Anatomico-

394 3021 505 3054 rum
527 3041 543 3065 ,
584 3019 638 3055 ut
673 3004 755 3055 Cl.
804 3006 1053 3056 Santorini
1090 3006 1172 3071 qui
1221 3007 1270 3055 in
1305 3004 1512 3062 Veneto
1536 3042 1552 3067 ,
1596 3021 1652 3058 ut
1685 3004 1767 3061 CI.
1801 3007 2041 3057 Stancarii
2081 3011 2162 3075 qui
2194 3011 2242 3059 in
2281 3009 2375 3060 Bo-

392 3075 616 3130 noniensi
647 3075 877 3135 Theatro
911 3072 1026 3133 cum
1056 3094 1157 3134 non
1192 3089 1399 3133 caeteros
1428 3115 1444 3140 ,
1483 3077 1564 3130 sed
1598 3075 1874 3146 peculiares
1912 3078 2022 3130 illos
2053 3077 2244 3133 tantum
2290 3098 2373 3131 no-

395 3146 519 3200 stros
558 3148 879 3204 Canaliculos
908 3145 1261 3211 ostenderunt,
1300 3151 1348 3201 id
1382 3148 1561 3222 procul
1600 3147 1752 3201 dubio
1785 3149 2013 3204 fecerunt
2050 3192 2067 3217 ,
2101 3172 2202 3205 non
2237 3151 2374 3220 quod

398 3222 637 3290 utrosque
669 3220 756 3294 ipfi
785 3241 888 3276 non
920 3221 1148 3275 viderent
1176 3259 1193 3285 ,
1230 3222 1314 3276 sed
1353 3223 1493 3292 quod
1525 3220 1585 3276 ab
1635 3222 1995 3296 inspicientium
2032 3226 2277 3351 plerisqsue
2315 3230 2379 3279 vi-

2225 3316 2308 3352 um
