2501 3602
108 1639 162 1672 De
178 1635 299 1685 NJrvi

75 1688 283 1734 Jmercosta-

76 1743 122 1773 Ais
139 1743 271 1788 origene
287 1768 297 1777 .

80 2362 179 2400 Tab.
205 2358 299 2402 add.

81 2412 247 2451 Theatr.

81 2466 152 2502 VI.
167 2468 202 2505 F.
220 2479 255 2507 9.

126 3087 301 3130 Cerebr.

81 3140 191 3179 Anat
210 3151 302 3194 cap.

83 3201 144 3227 22..

421 217 497 268 30
700 191 1388 267 ADVERSARJA
1457 191 1768 249 A‘NAT.
1832 191 1952 251 VJ.

325 305 511 359 Amicis
546 302 867 356 dissecuimus
902 342 920 367 .‚
977 298 1088 355 cum
1123 302 1313 355 arteriae
1345 296 1604 349 subclaviae
1638 295 1832 352 finistrae
1867 299 2145 372 superiores
2172 294 2318 367 posti-

329 383 476 448 cique
526 380 744 447 parietes
792 380 842 429 in
888 376 1197 446 Aneurysma
1228 368 1427 442 expansi
1462 369 1586 420 duos
1621 370 1781 423 tresve
1819 391 1999 426 nervos
2032 392 2094 425 ex
2125 373 2182 424 iis
2230 372 2317 439 qui

326 452 387 507 ab
430 451 748 505 inferioribus
797 453 1001 503 cervicis
1049 446 1291 499 vertebris
1337 442 1399 494 ad
1453 439 1718 494 brachium
1767 444 2070 499 descendunt
2105 483 2122 508 a
2178 442 2314 498 nulla

327 526 528 597 prorsus
574 523 863 594 interposita
895 543 948 574 re
982 521 1330 587 contingerent
1358 553 1374 575 2
1413 513 1498 584 qui
1531 516 1640 568 fieri
1676 553 1693 578 ,
1747 518 1954 585 inquam
1987 521 2151 588 posset
2180 556 2198 581 ,
2255 531 2313 569 ut

328 599 462 652 nulla
499 615 667 651 tamen
706 597 960 655 debilitas³
989 590 1149 643 nullus
1183 606 1362 660 torpor
1398 589 1446 640 in
1479 609 1542 641 eo
1574 586 1785 642 brachio
1820 589 1970 641 fuerit
2007 591 2310 644 animadver-

327 674 404 725 sus
437 712 447 724 .
489 674 658 739 Atque
701 669 828 721 adeo
865 685 929 716 ne
975 664 1001 715 a
1038 666 1201 715 nervis
1238 664 1322 733 qui
1369 663 1428 715 ad
1475 663 1816 733 Receptacula
1864 666 2154 733 pertinent,
2192 663 2316 733 ipso-

329 762 427 814 que
460 743 665 797 naturali
697 739 817 791 statu
849 734 1045 807 longius
1081 737 1426 806 digrediamur
1456 759 1468 803 ·,
1512 734 1600 805 qui
1638 737 1699 791 fiat
1728 775 1746 800 ,
1782 735 1992 789 obsecro
2030 774 2046 799 ,
2102 753 2157 786 ut
2185 738 2315 789 Ner-

326 837 417 871 vus
447 812 804 875 Intercostalis³
843 810 1274 881 quemadmodum
1308 812 1357 863 in
1391 807 1473 861 ista
1505 811 1853 883 Explicatione
1888 828 2011 862 mox
2043 807 2319 871 habemuS,

323 927 368 953 a>
404 889 464 939 ab
498 887 603 954 ejus
638 887 834 955 origine
871 882 1134 936 claustrum
1152 883 1559 939 membranosum
1592 885 1885 957 praediaestum
1920 881 2316 954 superscandens,

325 1000 359 1026 2,
397 958 655 1013 deseratur
699 962 747 1012 in
797 959 1102 1025 consequens
1155 961 1203 1010 in
1242 959 1626 1026 contiguitatem
1662 958 1897 1010 carotidis
1934 980 1946 1023 3
1981 995 2018 1020 „
2054 973 2220 1025 neque
2255 955 2322 1005 ta-

323 1053 442 1086 men
472 1032 579 1102 ejus
615 1037 751 1085 nervi
784 1049 994 1083 munera
1026 1030 1087 1082 ab
1121 1032 1300 1084 affidua
1339 1030 1485 1099 hujus
1524 1032 1800 1101 pulsatione
1843 1029 2114 1082 turbentur
2143 1067 2160 1092 ,
2199 1045 2320 1099 prae-

322 1108 489 1160 sertim
523 1104 639 1158 cum
674 1109 713 1157 is
747 1122 962 1166 nervus,
998 1122 1099 1156 non
1135 1122 1191 1156 ut
1226 1107 1455 1173 priores.,
1503 1104 1647 1174 posfit
1681 1105 1890 1166 cedere,
1923 1103 2004 1155 sed
2041 1101 2324 1154 communis

322 1179 448 1248 ips1,
487 1179 539 1235 δε
570 1182 761 1232 arteriae
793 1178 916 1230 ossei
947 1177 1201 1230 foraminis
1234 1177 1506 1247 parietibus
1541 1177 1771 1230 allidatur
1813 1217 1824 1228 .
1862 1179 2037 1242 Itaque
2075 1174 2159 1228 hic
2201 1192 2323 1245 prae-

324 1253 452 1316 ssat,
490 1257 706 1324 opinor,
744 1270 798 1320 ut
830 1249 998 1322 potius
1028 1250 1180 1320 quam
1215 1250 1434 1303 obscuris
1467 1288 1485 1314 2
1524 1269 1581 1302 ac
1616 1252 1781 1320 longis
1821 1250 1883 1301 de
1917 1251 2210 1303 Nervorum
2251 1243 2325 1298 of-

325 1327 449 1382 ficiis
476 1365 492 1390 a
532 1326 584 1383 Sc
618 1326 799 1397 agendi
830 1326 986 1378 modo
1020 1322 1368 1393 quaestionibus
1404 1323 1758 1393 implicemur,
1797 1326 1843 1376 in
1886 1322 2161 1374 eorundem
2190 1322 2322 1375 Ner-

325 1418 510 1455 vorum
544 1399 742 1454 historia
773 1399 915 1452 caute
947 1397 1318 1468 diligenterque
1334 1398 1574 1452 tradenda
1609 1395 1829 1450 studium
1865 1412 2178 1466 operamque
2224 1392 2323 1446 col-

325 1473 578 1539 locemus,
623 1493 686 1526 ne
717 1473 848 1526 forte
880 1490 989 1543 quae
1020 1475 1212 1523 incerta
1249 1471 1409 1524 adhuc
1437 1469 1544 1524 sunt
1581 1510 1598 1534 a
1653 1490 1710 1524 ea
1747 1488 1843 1538 pro
1876 1467 2149 1541 exploratis
2188 1484 2324 1519 com-

323 1548 576 1618 pertisque
605 1547 896 1609 tradamuS„
932 1545 1070 1597 velut
1104 1545 1166 1596 de
1195 1565 1256 1598 eo
1297 1562 1447 1614 quem
1483 1542 1645 1598 modo
1690 1547 2089 1596 memoravimus
2126 1581 2143 1606 ‚
2196 1543 2324 1593 Ner-

325 1638 393 1672 vo
422 1618 754 1673 Intercostali.
796 1623 857 1672 Et
892 1637 992 1689 ego
1025 1618 1229 1687 quidem
1267 1619 1329 1671 ab
1363 1623 1563 1671 interno
1598 1618 1756 1670 latere
1794 1618 1911 1669 sexti
1940 1619 2075 1669 Paris
2109 1632 2200 1686 per
2230 1614 2327 1668 Re-

327 1694 588 1763 ceptacula
631 1694 923 1747 transeuntis
956 1691 1125 1762 plures
1157 1694 1283 1762 saepe
1316 1692 1469 1746 fibras
1509 1692 1831 1745 abscedentes
1867 1691 1965 1743 vidi
1995 1728 2012 1753 2
2071 1687 2327 1741 interdum

328 1785 479 1819 unam
509 1765 702 1820 tantum
736 1805 752 1830 ‚
805 1767 885 1819 sed
922 1765 1194 1818 notabilem
1229 1805 1246 1829 ,
1303 1782 1452 1835 atque
1490 1766 1619 1818 adeo
1659 1763 1805 1817 semel
1843 1762 2124 1816 fasciculum
2159 1756 2325 1830 potius

328 1841 389 1891 ad
421 1857 584 1908 parvae
615 1839 783 1892 institae
819 1840 1235 1904 modum,quam
1274 1838 1482 1902 fibram3
1514 1839 1619 1888 haec
1657 1854 1826 1887 autem
1865 1837 1965 1886 vidi
2001 1837 2133 1884 inter
2166 1847 2326 1883 exter-

327 1929 450 1963 num
487 1914 698 1963 Arteriae
736 1911 863 1962 latus
894 1947 911 1970 ,
949 1908 1148 1976 ejusque
1195 1927 1338 1959 oram
1371 1908 1628 1960 foraminis
1670 1909 1716 1959 se
1770 1908 1816 1958 se
1856 1907 2160 1958 demittere.
2212 1905 2325 1955 Fuit

331 1987 483 2035 etiam
517 1982 632 2035 cdm
672 1984 792 2035 duas
826 1978 1020 2033 tantum
1053 1980 1079 2032 a
1116 1980 1304 2032 dextris
1342 1980 1496 2033 fibras
1528 2018 1545 2042 ‚
1582 1980 1634 2034 ἅν
1673 1978 1774 2030 hoc
1814 1979 2019 2045 quidem
2051 1977 2211 2028 modo
2246 1976 2327 2028 de-

327 2057 653 2116 scendente3‚
679 2055 703 2104 a
746 2053 939 2105 sinistris
980 2068 1147 2102 autem
1183 2070 1285 2103 tres
1320 2053 1809 2118 viderem7quarum
1842 2066 1938 2100 una
1955 2066 2047 2120 per
2086 2046 2326 2118 posticam

331 2128 637 2197 egredientis
674 2131 723 2178 in
758 2125 1162 2194 Receptaculum
1207 2125 1425 2176 Arteriae
1458 2140 1687 2193 partem,
1724 2122 1928 2191 reliquae
1965 2138 2059 2193 per
2114 2125 2328 2175 anticam

325 2218 563 2271 repentes
593 2204 645 2252 in
687 2199 791 2266 ejus
822 2197 1052 2251 foramen
1090 2198 1135 2248 se
1174 2197 1221 2249 se
1252 2196 1631 2251 immittebant.
1690 2195 1858 2249 Fibras
1898 2213 2069 2248 autem
2109 2212 2217 2264 quae
2259 2215 2322 2248 ex

329 2277 505 2343 quinto
533 2275 647 2326 Pari
683 2272 757 2325 his
795 2272 948 2324 socias
984 2272 1031 2323 se
1063 2270 1307 2324 adderent
1336 2311 1354 2335 ,
1393 2290 1492 2324 non
1522 2269 1670 2322 facile
1717 2270 1925 2320 memini
1964 2270 2072 2320 {atis
2107 2268 2327 2322 luculen-

328 2364 404 2399 ter
450 2348 654 2401 vidisse:
694 2348 933 2411 idemque
983 2345 1158 2396 censeo
1217 2346 1479 2414 contigisse
1514 2341 1903 2411 Diligentiffimo
1935 2339 2235 2404 Eustachio‚
2270 2358 2327 2392 ut

326 2423 411 2489 qui
461 2418 786 2472 Intercostalis
829 2420 990 2473 Nervi
1037 2419 1288 2485 originem
1347 2420 1373 2468 a
1417 2418 1530 2468 Pari
1580 2414 1772 2468 tantum
1822 2417 1961 2466 sexto
2022 2413 2323 2464 delineavit.

325 2495 472 2560 Qtin
523 2498 675 2545 etiam
723 2494 929 2542 memini
960 2528 977 2552 3
1027 2487 1294 2542 Eximium‘
1329 2489 1547 2540 alterum
1601 2490 1960 2540 Anatomicum
2013 2487 2324 2556 Covvperum

327 2566 389 2616 de
421 2583 560 2617 certa
598 2565 649 2620 ὃζ
691 2563 929 2617 constanti
963 2564 1157 2631 origine
1187 2561 1405 2629 ejusdem
1437 2562 1597 2613 Nervi
1636 2559 1753 2612 nihil
1795 2559 2041 2613 affirmare
2076 2560 2290 2611 voluisse
2311 2598 2322 2609 .

323 2640 513 2706 Neque
552 2636 657 2689 haec
689 2655 860 2689 tamen
891 2641 958 2688 ita
999 2637 1158 2704 accipi
1196 2635 1347 2698 vola„
1387 2632 1526 2703 quasi
1577 2634 1626 2685 id
1669 2635 1805 2702 quod
1849 2652 1949 2701 ego
1989 2633 2214 2684 nondum
2253 2631 2330 2683 lu·

327 2711 551 2763 culenter
582 2713 682 2764 vidi
706 2750 721 2774 ,
772 2711 851 2762 alii
888 2710 1174 2765 Anatomici
1220 2727 1322 2761 non
1373 2706 1605 2773 viderint3
1646 2708 1725 2759 sed
1766 2707 1829 2759 eo
1864 2702 2053 2759 tantum
2085 2706 2183 2757 dixi
2216 2743 2232 2767 a
2272 2720 2330 2756 ut

328 2782 607 2848 constaret,
645 2801 929 2854 quanquam
972 2782 1024 2837 &
1055 2779 1212 2850 vulgo
1246 2781 1468 2833 tradatur
1505 2818 1521 2840 2
1561 2779 1613 2834 ἃ
1649 2782 1697 2832 in
1731 2779 1811 2833 ista
1850 2779 2199 2847 Explicatione
2238 2781 2324 2829 ite-

327 2875 499 2910 retur:
537 2856 908 2910 Intercostalem
940 2858 1172 2908 Nervum
1213 2850 1519 2924 efformatum
1545 2847 1638 2923 essse
1675 2871 1738 2904 ex
1771 2852 2035 2922 rmmqfculo
2061 2850 2205 2922 sexti
2245 2866 2325 2921 pa-

326 2934 430 2995 ris,
467 2928 526 2990 ὠ
566 2928 740 2982 dnobus
777 2932 964 3001 qteintz‘3
1005 2929 1148 2996 plura
1185 2944 1356 2981 tamen
1388 2929 1488 2980 esse
1521 2929 1759 2981 cadavera
1804 2935 1848 2980 Ἰι]
1886 2927 2059 2995 quibus
2095 2924 2322 2995 quaeistic

326 3004 427 3057 fine
463 3005 563 3057 ulla
605 3003 919 3056 dubitatione
955 3002 1290 3063 affirmantur,
1329 3021 1429 3054 non
1463 3002 1533 3052 ita
1573 3003 1802 3068 prorsuS,
1841 3001 2126 3069 eodemque
2157 3014 2323 3051 nume-

329 3095 385 3128 ro
420 3081 834 3148 comperiuntur,
872 3076 1140 3146 praesertim
1172 3070 1289 3126 cum
1305 3071 1538 3130 Willifius
1571 3075 1671 3144 ipse
1695 3071 1948 3143 sarculum
1978 3072 2114 3124 modb
2145 3086 2287 3122 unum
2313 3104 2331 3130 a

332 3151 462 3200 mod&
501 3149 616 3201 duos
654 3153 680 3204 a
730 3153 905 3219 quinto
952 3149 1066 3200 Pari
1106 3149 1166 3199 ad
1217 3150 1410 3201 initium
1445 3149 1605 3201 Nervi
1641 3147 1969 3202 Intercastalis
2025 3148 2277 3216 pertinere
2305 3177 2322 3202 ,

328 3220 589 3291 scripserit.
688 3220 944 3278 Caeterdrn
978 3239 1068 3276 cur
1108 3224 1320 3276 Arteriae
1351 3220 1620 3278 Carotides
1658 3241 1721 3295 ex
1752 3220 2105 3294 Receptaculis
2144 3213 2210 3338 atli)
2227 3214 2323 3295 Ce-

2120 3307 2175 3343 re
2214 3303 2255 3338 rr
