2576 3607
492 198 637 269 DE
687 208 1197 266 GAffNGLlls
1253 211 1884 285 WERVORUM-
1992 241 2105 296 105

310 321 393 375 Ut
441 335 606 369 autem
642 315 926 368 muscularis
963 318 1012 368 in
1049 315 1272 385 Ganglio
1314 316 1550 368 fibrarum
1602 323 1886 388 complexio
1931 323 2202 377 evidentius

242 394 384 446 nobis
422 406 683 460 appareret
713 426 730 450 ,
767 389 1030 458 selegimus
1062 388 1218 454 majus
1248 426 1264 448 ,
1320 390 1455 457 quod
1490 389 1657 443 nostro
1692 397 1737 443 in
1778 411 1992 463 corpore
2022 399 2203 448 inveni-

242 483 321 517 tur
353 501 369 525 ,
427 465 487 514 de
522 479 621 531 quo
655 461 938 532 Falloppius
970 460 1188 530 prim-um
1219 459 1404 529 scripsit
1434 499 1450 524 ,
1504 460 1555 518 δε
1585 460 1844 533 posteriori
1876 482 2012 518 ramo
2064 473 2201 520 nervi

243 539 373 606 paris
407 537 518 603 vagi
561 533 785 586 attribuit
806 574 816 585 .

323 608 418 659 Sed
452 607 536 658 hic
575 609 741 659 mirari
769 605 892 657 subit
921 643 939 668 ,
976 607 1316 674 peritissimum
1344 646 1362 673 ,
1401 605 1721 676 exactumque
1768 610 2124 664 Anatomicum
2154 615 2203 666 in

240 698 298 732 re
333 696 436 731 tam
474 680 689 732 evidenti
720 674 858 730 fuiffe
892 676 1246 731 hallucinatum
1278 720 1289 731 .
1332 680 1581 747 Siquidem
1616 681 1801 733 olivare
1831 719 1847 744 ,
1900 699 1955 734 ut
1987 683 2086 752 ipse
2122 703 2206 736 vo-

248 769 344 813 cat,
400 770 580 821 corpus
610 788 626 814 ,
654 766 933 819 quanquam
962 749 1112 801 fibras
1146 755 1352 821 accipiat
1385 751 1410 802 a
1442 769 1596 803 nervo
1630 755 1756 820 paris
1792 757 1904 823 vagi
1935 792 1950 817 ,
1991 771 2206 824 cumque

243 844 306 876 eo
343 842 434 894 per
479 841 796 876 communem
833 821 1173 874 membranam
1206 827 1252 875 in
1288 826 1463 874 itinere
1493 823 1772 877 involvatur
1805 848 1817 893 3
1875 830 2206 894 perquirenti-

244 897 335 948 bus
377 914 542 948 tamen
582 894 1142 962 originem,sedemque
1174 895 1303 945 illius
1334 894 1522 962 liquid&
1558 912 1764 964 apparet
1803 897 1862 950 ab
1896 897 1992 950 alio
2026 898 2206 969 insigni

246 972 401 1023 nervo
439 967 459 1029 ί
492 964 853 1019 intercostalem
885 968 1134 1017 internum
1164 966 1414 1036 appellant
1445 969 1464 1034 )
1508 984 1769 1035 repetere,
1810 972 1892 1037 qui
1926 971 2045 1023 dum
2078 973 2205 1023 Gan-

242 1041 399 1111 glium
438 1040 750 1107 ingreditur,
789 1055 889 1089 non
929 1036 1084 1088 solum
1115 1058 1217 1091 non
1247 1039 1470 1090 candicat
1500 1076 1516 1101 ,
1555 1042 1976 1107 quemadmodum
2016 1044 2202 1095 vicinus

246 1130 423 1164 nervus
452 1112 584 1179 paris
615 1112 761 1178 vagi,
798 1110 878 1177 sed
912 1110 1264 1178 aliquantulum
1297 1110 1538 1178 rubescit3
1576 1128 1726 1180 atque
1764 1118 1912 1166 etiam
1946 1114 1973 1165 a
2013 1115 2204 1168 diverso

251 1186 400 1235 cranii
433 1183 674 1238 foramine
707 1181 1066 1250 proficiscitur,
1104 1186 1335 1236 nimirum
1367 1182 1426 1234 ab
1458 1183 1546 1235 illo
1578 1221 1594 1246 ,
1629 1201 1722 1252 per
1755 1187 1889 1253 quod
1926 1189 2102 1238 arteria
2132 1206 2207 1238 ca-

250 1257 376 1307 rotis
421 1259 547 1307 intra
598 1255 856 1306 calvariam
887 1271 1110 1324 penetrat
1140 1279 1152 1322 ·‚
1208 1259 1287 1307 cui
1321 1257 1519 1322 quidem
1552 1258 1743 1308 arteriae
1774 1274 1868 1327 per
1906 1257 2208 1328 multiplices

250 1332 393 1379 etiam
427 1327 577 1380 fibras
611 1325 912 1394 adhaerescit3
954 1327 1088 1378 secus
1121 1346 1178 1379 ac
1209 1346 1387 1384 nervus
1421 1330 1548 1395 paris
1578 1331 1691 1396 vagi
1724 1329 1821 1396 qua
1861 1329 2097 1382 fini-timus
2138 1330 2210 1384 est

251 1419 386 1451 venae
419 1400 668 1468 jugulari,
702 1416 849 1467 atque
894 1398 954 1449 ab
989 1399 1093 1467 ejus
1125 1400 1370 1452 fotamine
1403 1398 1423 1460 (
1453 1399 1743 1468 interposito
1777 1401 2037 1454 dumtaxat
2071 1399 2206 1455 osseo

248 1470 425 1522 isthmo
458 1475 476 1537 )
513 1473 877 1540 egreditur3ita
909 1488 963 1521 ut
996 1473 1270 1524 admodum
1301 1472 1622 1533 salebrosam,
1653 1473 1736 1523 sed
1769 1476 2059 1526 tantundem
2098 1475 2205 1545 pul-

251 1542 453 1604 chram,
491 1560 641 1611 atque
672 1545 1010 1595 admirationis
1045 1546 1243 1613 plenam
1277 1562 1387 1595 rem
1419 1542 1673 1605 offendat,
1706 1546 1789 1612 qui
1819 1546 2059 1612 ejusmodi
2094 1565 2201 1597 ner-

248 1633 426 1666 vorum
458 1653 473 1678 ,
512 1618 639 1684 paris
678 1633 859 1684 nempe
896 1619 1043 1685 vagi,
1081 1617 1132 1671 ὃς
1168 1617 1485 1670 intercostalis
1519 1616 1710 1667 radices
1747 1615 1773 1667 a
1803 1620 1973 1686 primis
2012 1618 2202 1685 quibus-

249 1704 346 1755 que
378 1691 520 1739 initii-s
548 1687 745 1738 seor-lim
785 1689 1120 1757 perlequitur.
1160 1689 1320 1757 Qod
1354 1689 1461 1740 fane
1499 1691 1817 1756 ignoramus,
1858 1707 1914 1742 an
1950 1690 2078 1742 ullus
2115 1688 2193 1742 ha-

251 1760 421 1812 &enus
454 1761 862 1810 Anatomicorum
894 1759 1161 1811 feliciffime
1197 1761 1253 1812 fit
1290 1756 1553 1813 assecutus.

319 1831 419 1882 Sed
448 1832 787 1899 relinquentes
818 1850 991 1883 nervos
1021 1835 1147 1902 paris
1177 1837 1319 1901 vagi,
1357 1836 1403 1883 in
1436 1832 1576 1882 illum
1609 1850 1796 1894 unum,
1837 1835 1920 1901 qui
1959 1835 2018 1885 ad
2054 1833 2200 1887 effor-

252 1903 491 1955 mandum
537 1903 805 1971 Ganglium
852 1902 1038 1964 fertur,
1079 1904 1313 1965 oculum,
1355 1904 1404 1957 &-
1441 1906 1805 1972 cogitationem
1845 1906 2159 1957 intendamus
2194 1946 2205 1958 .

248 1977 349 2025 Hic
380 1978 547 2041 itaque
585 1993 758 2026 nervus
793 1974 1127 2028 consideratus
1159 1980 1284 2027 intra
1319 1977 1610 2037 calvariam,
1651 1979 1732 2027 ieu
1769 1994 2036 2045 antequam
2072 1980 2209 2048 supe-

250 2063 329 2096 ret
360 2050 509 2096 cranii
540 2046 809 2115 repagula,
849 2051 1083 2114 quoniam
1118 2051 1304 2114 exiguis
1336 2048 1474 2098 fibris
1515 2064 1924 2114 coagmentatur,
1970 2050 2208 2116 ejusdem-

250 2134 348 2185 que
387 2117 454 2169 est
492 2135 603 2168 cum
640 2118 896 2169 medullari
930 2117 1169 2180 cerebro,
1209 2136 1265 2168 ac
1304 2118 1422 2168 dura
1458 2135 1619 2168 matre
1657 2118 1837 2169 coloris
1874 2157 1889 2180 ,
1930 2122 2011 2170 vix
2053 2120 2207 2173 distin-

250 2193 334 2257 gui
365 2187 553 2260 potest,
592 2190 724 2241 unde
758 2191 1065 2258 praecipuum
1099 2189 1488 2256 fontem,atque
1521 2192 1766 2257 originem
1800 2189 2005 2242 habeat.
2050 2196 2202 2245 Acce-¹

253 2264 321 2313 dit
357 2263 414 2313 ad
450 2265 614 2331 operis
645 2260 1169 2329 difficultatem,qu(}d
1205 2260 1317 2312 cum
1357 2261 1618 2312 cerebrum
1657 2260 1927 2313 neceffario
1970 2260 2209 2325 Hectifflc

254 2335 444 2385 revolvi
479 2333 658 2384 debeat
690 2371 706 2394 ,
744 2351 799 2383 ut
834 2336 1133 2402 principium
1171 2332 1444 2401 hujusmodi
1486 2351 1752 2386 nervorum
1790 2334 1988 2404 spectari
2018 2336 2163 2405 poffit
2190 2374 2208 2398 ,

251 2407 401 2457 iidem
435 2422 644 2475 propter
673 2407 911 2456 summam
947 2406 1248 2468 exilitatem,
1279 2405 1575 2468 mollitiem,
1598 2424 1652 2457 ac
1681 2410 2020 2468 teneritatem,
2057 2424 2209 2476 quam

251 2480 473 2536 iervant,
516 2476 624 2529 edm
662 2476 880 2548 primdm
923 2480 949 2528 a
983 2478 1244 2529 medullari
1284 2477 1474 2528 cerebri
1511 2494 1652 2547 parte
1690 2478 2107 2545 proficiscuntur,-
2145 2479 2210 2531 fa-

256 2551 436 2601 cillime
477 2551 742 2619 disrumpi,
784 2555 1039 2618 aciemque
1079 2549 1306 2620 effugere
1334 2550 1526 2601 solent.
1567 2551 1831 2617 Quantum
1871 2568 2036 2602 autem
2070 2569 2211 2621 repe-

253 2626 352 2671 titis
385 2621 669 2673 sectionibus
699 2625 979 2691 perspicere
1014 2627 1302 2692 potuimus,
1342 2622 1484 2674 nobis
1518 2621 1604 2673 visi
1643 2623 1747 2672 sunt
1777 2621 1991 2691 primdm
2024 2626 2144 2674 oriri
2183 2624 2210 2673 a

255 2691 637 2761 protuberantiis
689 2696 904 2755 cerebri,
947 2694 1031 2744 ubi
1067 2713 1178 2744 cum
1211 2694 1506 2761 pedunculis
1542 2693 1789 2762 glandulae
1819 2695 2028 2762 pinealis
2064 2695 2209 2744 adne-

256 2764 451 2815 ctuntur
481 2803 492 2814 .
1055 2784 1059 2785 ⁷
1864 2802 1868 2805 -

331 2836 488 2902 Quod
520 2852 681 2888 autem
717 2853 854 2888 certo
889 2834 1060 2888 cerritis
1099 2833 1370 2887 asseverate
1400 2835 1683 2895 licet,illud
1719 2833 1816 2897 est,
1837 2854 2043 2887 nervum
2077 2836 2214 2890 hunc

257 2928 356 2961 non
394 2909 569 2978 procul
601 2909 660 2960 ab
695 2926 808 2960 ortu
843 2908 928 2960 suo
962 2909 1100 2977 supra
1132 2908 1264 2958 illam
1286 2907 1441 2960 statim
1478 2909 1610 2958 durae
1641 2911 1806 2958 matris
1847 2908 2105 2961 sectionem
2124 2909 2215 2962 fer-

256 2986 323 3041 ri,
368 2998 471 3048 quae
505 2982 674 3033 dividit
705 2980 966 3033 cerebrum
999 2984 1024 3032 a
1058 2979 1340 3042 cerebello,
1379 2997 1593 3046 cumque
1629 2997 1684 3029 ea
1717 2997 1806 3047 per
1838 2998 2037 3032 nerveas
2064 2981 2215 3034 fibras

257 3057 322 3104 ita
354 3053 669 3124 complicari,
710 3070 765 3104 ut
799 3053 1012 3121 ejusdem
1042 3048 1323 3123 progressus
1354 3071 1453 3104 non
1484 3049 1567 3102 nili
1604 3068 1693 3119 per
1725 3052 2031 3114 lanceolam,
2068 3055 2215 3106 discis-

255 3127 306 3177 so
338 3126 570 3178 villorum
607 3125 905 3194 complexu,
945 3142 1184 3194 apparere
1218 3124 1388 3192 poffit3
1428 3142 1482 3174 ac
1514 3123 1721 3190 proinde
1759 3122 1938 3177 factum
1971 3124 2213 3190 arbitror,

261 3217 315 3249 ut
349 3201 764 3251 Anatomicorum
800 3197 1099 3266 diligentiam
1131 3195 1230 3247 huc
1264 3198 1414 3265 usque
1446 3194 1707 3247 fefellerit,

1411 3270 1463 3321 O
2013 3269 2145 3323 Post-
