2576 3607
627 218 1448 293 AWJMADVERSJO
1535 173 1716 286 *XIX
1994 256 2065 312 35

200 338 301 391 sum
327 330 386 381 iri
419 343 625 380 caeteros
663 344 763 377 non
806 324 1094 393 sperarent,
1130 324 1198 377 ob
1237 328 1538 396 parvitatem
1592 330 1857 399 videlicet,
1897 354 2006 407 quae
2045 338 2160 394 cdm

200 409 387 460 summa
420 399 778 469 utplurimum,
819 415 926 449 tum
957 398 1221 466 aliquando
1253 415 1389 452 tanta
1425 398 1495 452 est
1518 438 1534 460 ,
1577 417 1633 453 ut
1663 406 1743 455 vix
1771 425 1894 458 unus
1943 413 2164 478 ipsorum

200 478 352 530 setam
386 474 724 533 admittat,ne
755 470 910 523 dicam
930 471 1095 540 ,quod
1128 474 1313 539 pariter
1345 492 1444 543 ego
1477 471 1767 539 observavi,
1799 480 1991 533 nullutn
2023 502 2162 552 pror.

198 549 273 602 sus
303 565 477 599 eorum
508 544 765 616 vestigium
797 561 1065 614 appareat.
1106 543 1203 597 Sed
1235 544 1354 597 mihi
1380 584 1394 608 ,
1426 547 1681 609 credo,&
1706 551 1836 619 ipse,
1876 551 1928 607 ὅ(
1956 553 2161 608 Audito-

202 639 283 672 res
310 638 486 672 omnes
524 622 652 680 mei,
692 618 743 674 ἅν
786 620 892 669 noti
923 618 1207 670 Anatomici
1254 618 1597 674 blandiuntur!
1655 621 1800 689 Qud
1848 641 1976 694 ergo
2008 625 2163 679 Lova-

202 693 376 746 niensis
406 693 486 745 ille
513 691 765 745 Professor
797 689 1055 758 Philippus
1084 689 1464 761 Verheyenius,
1502 692 1625 745 mihi
1657 713 1753 747 nec
1784 695 2034 767 alloquio,
2072 716 2166 750 nec

201 765 446 836 epistolis,
485 785 580 819 nec
607 762 715 817 ullis
743 762 939 835 prorsus
971 761 1145 813 officiis
1183 767 1366 817 notus?
1405 766 1630 821 Primum
1663 765 1776 820 cdm
1812 770 1930 822 illud
1967 771 2029 822 de
2062 787 2164 839 quo

200 856 342 893 antea
380 836 564 892 di&um
604 836 672 889 est
701 873 717 898 ,
755 838 804 887 in
852 829 1054 886 urethra
1098 836 1345 887 Foramen
1384 836 1591 890 fortuito
1633 841 1824 892 vidisset
1859 880 1874 904 ,
1914 862 2015 895 non
2054 843 2166 895 alibi

200 911 387 981 scripsit
421 910 651 964 invenisse
683 947 695 969 ,
735 906 884 975 quam
914 907 966 956 in
1001 921 1050 955 eo
1092 906 1242 958 latere
1287 906 1412 978 quod
1451 926 1634 981 corpora
1670 930 1846 963 nerveo
1867 912 2162 985 -spongiofa
2189 930 2215 968 1,
2244 944 2272 968 1,
2305 941 2353 968 tr.
2374 941 2408 966 2,

197 982 498 1055 potifiinzinn
535 979 761 1052 respicit,
799 979 899 1030 hoc
929 977 998 1032 est
1024 982 1073 1032 in
1103 980 1320 1032 urethrae
1356 985 1545 1049 pariete
1575 985 1858 1053 superiore·7
1892 991 2025 1055 quod
2062 993 2163 1056 qui*
2191 992 2358 1030 C³P·²4·

200 1060 315 1110 dem
347 1060 590 1109 Foramen
636 1067 909 1126 aperturam
948 1070 1096 1106 vocat
1132 1052 1386 1104 admodum
1424 1053 1651 1124 insignem
1674 1095 1690 1120 ,
1729 1057 1779 1114 ἅν
1829 1055 1849 1120 <
1882 1061 2016 1128 qnod
2064 1065 2164 1114 vim

200 1133 350 1199 ipsam
382 1130 598 1180 veritatis
636 1127 854 1179 maxime
885 1125 1095 1180 ostendit
1125 1126 1145 1195 )
1184 1126 1511 1197 longitudine,
1548 1131 1707 1196 inquit
1733 1167 1750 1193 ,
1784 1150 1938 1200 grano
1967 1151 2165 1184 comnm-

199 1205 277 1254 m's
316 1205 471 1253 tritici
497 1201 618 1271 fere
664 1199 885 1273 aequalem
912 1239 928 1263 ,
965 1195 1226 1251 latitudine
1264 1198 1487 1251 nonnz'hjl
1543 1198 1823 1269 inftriorem
1854 1241 1870 1267 ,
1909 1203 2022 1256 cum
2062 1205 2162 1275 eg'o

199 1291 350 1342 quem
397 1277 618 1328 nondum
665 1276 890 1345 legerat,
929 1272 997 1326 ob
1042 1274 1253 1326 eandem
1285 1272 1594 1325 oblervatam
1643 1277 2076 1344 magnitudinem,
2116 1278 2168 1333 δε

198 1348 417 1418 figuram
450 1351 496 1400 in
528 1349 733 1400 eandem
768 1349 963 1417 prorsus
1003 1348 1276 1397 mensuram
1307 1346 1614 1409 incidissem,
1651 1347 1762 1398 clim
1797 1350 2026 1402 videlicet
2059 1351 2162 1402 scri-

199 1422 300 1488 psi:
340 1424 555 1473 maxima
597 1438 839 1491 nunquam
875 1432 1013 1469 tanta
1057 1415 1269 1487 fuerunt
1301 1457 1320 1481 ,
1358 1432 1410 1468 ut
1446 1436 1603 1470 eorum
1639 1419 1871 1489 orificium
1907 1421 2161 1493 frumenti
2188 1406 2405 1497 fflfflfflssl·

194 1510 351 1562 grano
388 1499 570 1564 operire
605 1511 696 1543 non
732 1490 1008 1562 potuiffem.
1047 1492 1248 1544 Deinde
1285 1492 1407 1544 vere
1441 1491 1554 1544 cum
1592 1493 1691 1560 jam
1726 1494 1816 1545 illis
1854 1496 2042 1564 scriptis
2067 1534 2082 1558 ,
2115 1499 2162 1547 in
2290 1489 2297 1496 ’
2371 1487 2380 1496 ’

199 1585 313 1618 mea
341 1568 628 1620 Adversaria
657 1567 926 1627 incidisset,
965 1581 1114 1631 atque
1147 1583 1209 1614 ex
1238 1562 1313 1615 his
1344 1583 1443 1618 non
1477 1584 1631 1617 unum
1671 1566 1861 1628 mode,
1897 1569 1977 1618 sed
2018 1568 2160 1636 plura

201 1641 300 1691 esse
337 1639 531 1703 Maiora
579 1637 662 1687 illa
705 1639 962 1687 Foramina
993 1673 1008 1697 ,
1048 1637 1386 1704 cognovisset,
1423 1655 1482 1688 ac
1526 1653 1634 1704 quae
1672 1637 1734 1687 de
1785 1643 1972 1690 caeteris
2011 1642 2160 1690 etiam

202 1708 528 1762 Foraminult's
561 1709 907 1776 adscripseram
939 1744 955 1767 ,
993 1707 1281 1776 perlegisset
1313 1732 1325 1774 3
1366 1710 1573 1759 candide
1618 1708 1726 1776 post
1763 1728 1877 1760 mea
1915 1712 2159 1779 produsta

200 1784 443 1855 pleraque
472 1779 621 1831 verba
652 1780 756 1831 haec
790 1780 1003 1831 addidit:
1039 1817 1073 1843 „
1126 1781 1251 1831 Haec
1280 1798 1380 1848 ego
1410 1780 1585 1848 legens
1618 1778 1737 1830 mihi
1771 1783 1870 1849 ipse
1908 1784 2160 1835 subirasce-

201 1894 235 1922 „
273 1856 391 1917 bar,
431 1852 671 1922 siquidem
706 1857 907 1904 miratus
937 1851 1163 1914 fueram,
1199 1856 1448 1904 neminem
1481 1852 1717 1905 hastenus
1746 1852 1864 1906 mihi
1893 1873 2068 1907 notum
2101 1857 2162 1908 es-

203 1968 237 1995 „
275 1931 321 1982 se
349 1966 366 1991 ,
405 1930 485 1996 qui
533 1943 817 1997 aperturam
866 1924 1027 1987 illam,
1068 1926 1130 1978 de
1177 1942 1272 1994 qua
1312 1926 1463 1995 paulo
1510 1922 1732 1995 superuis
1761 1965 1778 1990 ,
1815 1928 2162 1996 descripserat,

207 2041 240 2065 „
277 1999 507 2062 adee,ut
541 1999 663 2050 mihi
696 2017 818 2052 tunc
846 1996 1143 2068 apparebat,
1178 1998 1501 2051 manifestam:
1534 1999 1632 2067 jam
1667 2016 1834 2052 autem
1872 2001 2028 2069 major
2060 2019 2164 2053 erat

204 2112 238 2138 „
279 2076 403 2124 ratio
433 2072 642 2123 mirandi
673 2109 689 2132 ,
728 2075 842 2140 quia
877 2071 1004 2122 hanc
1035 2074 1227 2122 unicam
1260 2109 1277 2131 ,
1317 2088 1520 2122 caeteras
1559 2089 1726 2123 autem
1777 2091 1877 2123 non
1908 2075 2160 2125 videram.

205 2184 238 2211 „
274 2144 581 2213 Opportune
612 2142 737 2193 vero
767 2178 782 2184 -
810 2145 857 2194 se
885 2145 933 2193 se
961 2143 1141 2194 obtulit
1171 2143 1367 2195 occasio
1399 2144 1626 2212 praedic'ta
1661 2145 2163 2215 inquii·endi,nempe

205 2256 239 2284 „
278 2222 323 2268 in
373 2216 609 2267 cadavere
645 2214 810 2265 militis
851 2215 1102 2282 suspendio
1151 2219 1339 2277 necati,
1380 2215 1460 2265 ubi
1513 2214 1660 2267 distas
1699 2231 1951 2281 aperturas
1997 2221 2161 2288 reperi

203 2329 237 2356 „
274 2308 372 2342 non
405 2286 596 2338 tantem
633 2286 897 2340 secundem
933 2286 1294 2355 longitudinem
1328 2287 1542 2338 urethrae
1573 2287 1783 2339 solitarie
1818 2288 1997 2355 positas
2027 2329 2042 2354 ,
2079 2291 2161 2343 sed

203 2402 238 2429 „
274 2361 562 2431 quibusdam
598 2363 644 2410 in
672 2360 794 2412 locis
827 2359 990 2425 binas,
1029 2397 1064 2422 „
1105 2374 1201 2426 qua
1237 2361 1299 2411 de
1329 2380 1385 2411 re
1418 2358 1530 2411 cum
1562 2378 1702 2412 antea
1749 2361 1934 2413 distum
1968 2362 2024 2413 sit
2055 2400 2070 2423 ,
2111 2362 2160 2413 il-

205 2437 292 2489 lud
328 2437 437 2487 satis
470 2436 564 2484 erit
593 2430 676 2484 hic
708 2433 992 2493 attendere,
1029 2430 1199 2483 vidisse
1232 2435 1386 2501 igitur
1418 2432 1796 2502 Verheyenium
1835 2433 1941 2488 illas
1981 2447 2163 2504 apertu-

206 2527 288 2560 ras
318 2512 364 2560 in
398 2510 617 2575 pariete,
655 2505 1081 2574 quemadmodum
1115 2507 1279 2574 pingit
1306 2544 1322 2568 ,
1361 2506 1576 2558 urethrae
1610 2506 1863 2575 superiore
1894 2544 1910 2568 ,
1947 2524 1997 2557 et
2029 2506 2162 2574 quod
2217 2507 2315 2562 rab.
2349 2522 2406 2557 13·

208 2602 269 2635 ex
307 2582 479 2632 eadem
514 2578 703 2648 pistura
731 2617 747 2641 ,
787 2578 837 2634 ἃ
873 2576 1038 2631 verbis
1070 2581 1221 2629 etiam
1271 2579 1516 2632 nonnullis
1555 2577 1915 2646 insequentibus
1953 2577 2165 2639 constat,
2189 2562 2272 2608 ΡΨ·
2296 2574 2326 2598 ¹·

209 2673 408 2724 magnas
446 2654 644 2705 vidisse.
682 2650 845 2704 Porro
879 2649 982 2702 haec
1015 2649 1246 2715 subjecit:
1285 2651 1438 2721 ,Qod
1459 2668 1619 2723 parva
1650 2648 1839 2721 specsz‘at
1862 2650 2164 2720 foraminum

213 2726 270 2777 de
311 2722 474 2793 qulbus
512 2734 574 2777 D.
604 2734 935 2794 Morgagnus,
973 2723 1062 2772 illa
1100 2739 1238 2775 erant
1275 2722 1399 2774 mihi
1436 2721 1835 2776 innumerabilia:
1891 2724 2066 2791 quibus
2103 2741 2165 2772 ex

211 2797 372 2849 verbis
406 2796 517 2845 cum
547 2797 662 2845 illud
695 2799 855 2847 obiter
886 2797 1170 2847 confirmari
1209 2796 1370 2866 potest
1401 2800 1535 2865 quod
1585 2797 1735 2866 paule)
1779 2812 1891 2845 ante
1923 2797 2158 2853 diximus,

211 2885 476 2940 perperam
509 2865 738 2917 videlicet
769 2869 816 2915 in
861 2884 921 2915 eo
962 2868 1276 2917 Terraneum
1309 2868 1660 2933 reprehensum
1701 2867 1800 2915 esse
1826 2903 1842 2926 ,
1884 2864 2015 2931 quasi
2058 2864 2161 2916 haec

212 2939 506 2994 foraminula
537 2955 679 3006 aequo
717 2937 857 3005 plura
890 2934 1199 2998 delineasset,
1239 2955 1347 3005 quae
1379 2937 1427 2990 &
1465 2937 1689 2989 Graafius
1717 2937 1836 2988 olim
1868 2939 2061 2990 videtur
2091 2943 2160 2988 in-
2269 2949 2327 2991 ιίι,

215 3007 525 3067 numerabiles
561 3015 672 3062 vias
706 3008 1045 3079 appellavisse3
1084 3027 1190 3060 tum
1219 3009 1340 3061 illud
1372 3007 1671 3078 potiffimum
1703 3027 1765 3060 ex
1800 3011 1962 3062 iiiiicm
1997 3011 2160 3063 verbis

215 3107 330 3141 cum
373 3085 702 3154 superioribus
733 3122 749 3145 ,
786 3082 836 3136 ἃ
874 3100 987 3135 cum
1035 3083 1358 3151 reipondente
1407 3085 1584 3152 Figura
1625 3082 1817 3134 collatis
1853 3082 1920 3135 est
1954 3082 2160 3136 inseren-

217 3162 367 3214 dum:
407 3157 509 3226 ejus
542 3172 740 3223 quoque
770 3155 964 3210 Illustris
998 3158 1278 3207 Anatomici
1308 3156 1494 3217 oculis,
1534 3172 1681 3223 atque
1714 3156 1893 3220 judicio
1934 3175 2033 3207 non
2072 3159 2157 3207 mi-

219 3235 303 3285 nus
332 3234 482 3307 quam
512 3227 714 3295 nostris,
754 3231 905 3284 visum
936 3231 1068 3295 esse,
1104 3232 1297 3298 Majora
1335 3230 1414 3281 illa
1453 3231 1740 3292 Foramina,
1777 3229 1858 3282 seu
1898 3235 2160 3297 Aperturas

1424 3303 1466 3353 E
1542 3321 1572 3350 2
1932 3304 2088 3371 apar-

2198 807 2331 849 Anim.
2350 819 2407 849 17.

2189 1759 2269 1799 loc.
2311 1757 2380 1797 cir.
