2501 3602
623 230 1444 308 AGNJMADVERSJO
1541 240 1781 299 LVJJ.
2001 268 2071 318 71

205 387 241 416 Ἃ
276 347 349 405 &a
376 347 523 412 usque
555 340 848 412 lacrymalia
885 340 1093 394 faciliter
1126 342 1375 411 repellere
1402 381 1418 407 ‚
1477 345 1530 401 ἃ
1561 349 1805 417 dirigere.
1852 385 1869 393 -
1905 351 2006 405 Cui
2039 353 2177 408 certe?

205 461 242 487 „
280 417 531 474 direffloni
559 414 722 467 faveat
754 415 844 467 viae
876 415 901 467 a
932 414 1071 469 distae
1115 415 1392 468 caruncula:
1429 415 1659 470 lateribus
1693 422 1753 473 ad
1791 425 1966 490 puncta
2003 426 2175 493 praedi-

204 532 240 559 „
278 492 350 545 &a
380 490 524 558 super
557 486 820 558 palpebras
852 491 1120 541 eminentia
1151 487 1402 558 produstae
1436 488 1686 558 dispositio
1720 490 2175 561 horizontalis,ha-

207 602 241 629 2,
275 563 378 614 bita
408 564 456 614 in
486 561 804 630 quocumque
839 561 1067 613 ciliorum
1097 559 1196 615 ififi
1216 602 1227 613 .
1260 596 1279 605 -
1311 563 1552 631 Copiosas
1582 579 1750 615 autem
1788 566 1836 615 in
1866 571 2069 624 naturali
2092 569 2174 623 sta-

200 673 236 701 a>
271 633 329 687 ῑίὶ
357 652 449 704 per
481 636 678 698 nasum,
700 632 752 689 &
783 632 951 686 fauces
981 638 1295 691 excretiones
1324 634 1580 696 ordinario
1612 636 1834 688 mucosas
1867 636 2037 689 deberi
2054 658 2174 710 prae-

198 746 236 773 :³
273 708 415 779 cipue
450 707 783 779 lacrymarum
819 709 977 778 copiae
1008 743 1025 769 ,
1074 726 1226 760 muco
1262 707 1428 760 eidem
1475 706 1715 760 diluendo
1744 746 1762 771 ,
1798 708 2172 780 liquandoque,

197 819 236 846 a>
274 784 321 833 in
354 782 546 833 narium
577 782 853 834 Meandros
888 780 1258 832 concidentium
1296 818 1308 830 .
1357 780 1593 848 Denique
1624 781 1761 832 usum
1801 783 2084 836 carunculae
2114 783 2177 836 la-

200 892 237 919 „
276 853 510 923 crymalis
556 851 836 923 expositum
889 853 983 904 suis
1015 854 1164 904 etiam
1204 851 1519 920 temporibus
1549 853 1846 906 meditatum
1887 853 1985 907 effe
2031 857 2177 911 Gale-

201 965 236 991 „
275 944 392 979 num
419 966 436 989 ‚
491 942 710 992 eumque
739 925 1018 993 expresfisse
1048 920 1132 976 ab.
1177 942 1257 975 10.
1287 938 1388 995 cap.
1428 941 1512 976 11.
1552 923 1635 977 sub
1665 924 1756 987 illis
1794 928 1960 979 verbis
1991 964 2010 991 ,
2066 946 2178 998 quae

199 1037 233 1063 2,
270 1015 471 1068 quoque
519 997 917 1050 celebratiffimus
949 1033 966 1059 ,
1002 999 1162 1066 inquit
1192 1033 1208 1058 ‚
1262 995 1315 1051 &
1361 997 1555 1068 semper
1595 998 1908 1053 amiciffimus
1939 1018 2080 1053 meus
2109 1012 2172 1054 D.

196 1109 232 1136 a>
271 1072 530 1139 Morgagni
558 1071 605 1120 in
638 1072 797 1121 aureis
830 1070 922 1121 suis
952 1067 1256 1138 adversariis
1283 1071 1458 1137 primis
1495 1075 1777 1123 anatomicis
1812 1076 2022 1142 apponit
2047 1115 2059 1126 .
2097 1082 2173 1139 Ne

197 1181 232 1206 >a
267 1145 420 1212 igitur
438 1156 530 1214 per
559 1141 759 1211 angulos
789 1137 940 1204 effa„
978 1143 1120 1196 Bene
1150 1141 1336 1195 faCtum
1370 1142 1510 1212 quod
1545 1145 1639 1195 Vir
1679 1145 1826 1198 Cl.in
1863 1145 1963 1198 hoc
1994 1146 2165 1201 saltem

197 1215 456 1286 postremo
486 1215 817 1269 locomomeii
847 1213 982 1267 haud
1011 1217 1212 1267 reticuit
1240 1233 1438 1284 meum·²
1479 1232 1536 1268 ut
1564 1214 1686 1287 siqui
1721 1217 1960 1271 Le&ores
1998 1238 2057 1271 ea
2074 1218 2172 1273 for-

197 1289 250 1341 te
279 1288 434 1341 verba
463 1290 515 1339 in
544 1287 724 1340 Galeni
750 1286 1088 1341 voluminibus
1118 1287 1274 1340 velint
1323 1291 1617 1358 perquirere
1650 1327 1668 1352 ,
1723 1289 1923 1343 indicati
1960 1290 2070 1344 libri
2102 1295 2170 1344 ιί]η

194 1362 513 1428 scriptionem
544 1363 594 1411 in
625 1364 748 1412 meis
778 1360 958 1431 poffint
992 1360 1292 1414 Adversariis
1328 1364 1576 1414 invenire.
1617 1361 1818 1432 Scripsit
1852 1365 1984 1416 enim
2019 1365 2167 1417 Gale-

198 1452 290 1486 nus
323 1432 378 1489 &
409 1434 470 1487 de
499 1431 751 1487 Methodo
782 1433 1025 1486 Medendi
1053 1472 1071 1496 ,
1124 1432 1176 1488 ἃ
1209 1434 1271 1486 de
1303 1435 1621 1505 Simplicium
1672 1436 2169 1489 Medicamentorum

197 1507 531 1559 Facultatibus
558 1544 577 1569 ‚
629 1505 681 1562 &
713 1506 776 1559 de
808 1504 1195 1575 Compositione
1226 1507 1717 1559 Medicamentorum
1753 1508 2017 1560 Localium
2045 1546 2062 1570 2
2117 1507 2169 1564 ὃς

198 1579 264 1630 de
295 1579 409 1632 Usu
439 1580 660 1633 Partium
690 1578 878 1632 librum
911 1581 1195 1643 decimum,
1233 1594 1289 1630 ut
1320 1579 1409 1631 nisi
1438 1581 1809 1649 inscriptionem
1843 1581 1993 1633 addas
2027 1583 2167 1651 Ope-

195 1653 294 1714 τίς,
331 1654 551 1705 divinent
592 1652 863 1715 LestoreS,
901 1654 1097 1705 necesse
1143 1651 1230 1705 fit.
1279 1653 1454 1721 Itaque
1485 1650 1600 1705 cum
1638 1652 1666 1704 a
1698 1651 1840 1704 nobis
1872 1652 1982 1723 post
2012 1653 2165 1706 verba

198 1723 278 1777 illa
310 1725 518 1779 Caleni:
549 1762 583 1788 a>
623 1727 707 1779 Ne
738 1727 896 1795 igitur
926 1743 1019 1796 per
1050 1724 1260 1796 angulos
1290 1742 1667 1778 excrementum
1697 1722 1902 1789 effluat,
1942 1745 2067 1779 neve
2105 1728 2166 1778 as-

194 1833 230 1860 „
267 1795 405 1851 fidue
437 1798 776 1867 lacrymemus
807 1835 822 1860 ,
875 1797 1125 1867 praediffis'
1153 1798 1401 1850 meatibus
1431 1815 1648 1868 corpora
1684 1797 1791 1849 haec
1825 1800 2023 1852 carnosa
2059 1797 2167 1851 fue-

194 1906 229 1932 „
265 1885 384 1924 runt
412 1868 663 1941 apposita,
702 1884 811 1937 quae
838 1868 1172 1940 prohiberent
1201 1870 1405 1936 quidem
1435 1906 1453 1932 ,
1491 1889 1551 1920 ne
1582 1870 1850 1921 oculorum
1886 1888 2168 1923 excremen-

196 1978 231 2003 Ἃ
267 1959 318 1995 ta
349 1961 441 2012 per
457 1940 667 2009 angulos
696 1958 966 1992 vacuentur
985 1979 1003 2003 ,
1021 1941 1081 1992 ad
1114 1943 1350 2009 proprios
1378 1958 1545 2007 autem
1574 1957 1766 1992 meatus
1798 1942 2170 2009 impellerent:„

200 2011 346 2074 cum,
384 2016 617 2077 inquam,
658 2009 766 2079 post
796 2011 950 2062 verba
983 2012 1066 2061 illa
1098 2012 1212 2061 addi
1244 2011 1270 2060 a
1304 2013 1446 2063 nobis
1472 2011 1743 2063 videbunt:
1781 2010 1843 2068 ὠ·
1872 2029 2040 2061 caetera
2072 2033 2166 2083 quae

198 2081 321 2135 libro
361 2083 420 2133 de
453 2079 540 2151 ufic
561 2084 774 2153 partium
805 2080 983 2131 decimo
1009 2119 1025 2144 ,
1062 2079 1307 2131 undecimo
1339 2096 1501 2131 autern
1538 2083 1686 2151 capite
1711 2083 1823 2132 licet
1852 2086 2069 2152 reperire
2083 2106 2102 2144 3
2131 2122 2166 2149 .,‚

197 2174 309 2209 tum
341 2156 478 2209 illam
525 2154 894 2222 inscriptionem
927 2172 1025 2206 non
1060 2152 1356 2222 ignorabunt
1387 2190 1403 2216 ,
1458 2169 1565 2205 tum
1610 2172 1711 2205 non
1756 2153 1999 2223 ignorasse
2043 2175 2163 2219 nOS,

197 2231 349 2283 scie-nt
379 2245 488 2297 quae
517 2226 886 2280 Dissertationis
934 2225 1125 2278 Ausior
1159 2226 1221 2276 de
1267 2225 1460 2278 Galerio
1494 2223 1734 2277 continuo
1772 2226 1988 2294 subjicit:
2023 2266 2056 2291 .„
2095 2231 2160 2282 Et

200 2340 235 2367 >a
270 2301 439 2355 melitis
469 2298 650 2353 eodem
679 2313 774 2368 cap.
805 2294 865 2356 ὠ
896 2295 979 2349 lib.
1013 2297 1293 2366 significare
1333 2302 1620 2367 procuravit
1651 2336 1667 2360 ,
1718 2298 1929 2366 loquens
1962 2301 2025 2352 de
2055 2303 2163 2354 Me-

196 2412 234 2439 „
270 2376 391 2428 dicis
425 2372 656 2426 oculariis
689 2373 959 2441 imperitis:
998 2371 1106 2420 Alli
1136 2371 1287 2434 verb,
1324 2373 1514 2439 inquit3
1554 2375 1604 2421 in
1644 2367 1956 2438 egcanthz'don
1982 2411 1999 2436 ,
2039 2371 2163 2441 idest

197 2481 234 2512 „2
269 2449 428 2499 carnis
457 2449 511 2497 in
543 2448 723 2512 majore
752 2444 926 2513 angulo
960 2440 1278 2510 excrescentia
1293 2481 1310 2505 a
1346 2447 1586 2494 curatione
1621 2441 1888 2512 chirurgica
1918 2445 2025 2517 plns
2044 2463 2162 2516 aequo

197 2557 233 2583 aa
268 2519 330 2570 de
355 2518 606 2571 caruncula
641 2514 967 2586 rescindentes
996 2554 1013 2579 ,
1070 2515 1309 2586 effluxum
1357 2519 1672 2567 excrementis
1716 2534 1771 2566 ea
1792 2531 1932 2587 parte
1979 2532 2163 2589 aperue-

197 2628 233 2654 ³:-
256 2606 381 2655 =runt
393 2612 414 2652 5
448 2629 482 2654 „
519 2607 653 2661 quem
681 2584 907 2659 affeffltm
934 2583 1099 2659 ροιοζδοι
1130 2589 1320 2660 quidem
1351 2588 1668 2659 appellarunt.

415 2732 1596 2800 ANIMADVERSIO
1696 2730 1940 2798 LVII.

362 2875 486 2931 Une
514 2892 684 2927 tamen
714 2874 885 2926 locum
917 2911 933 2937 7
988 2889 1140 2941 quem
1168 2873 1268 2942 ipse
1302 2871 1363 2924 ad
1398 2871 1576 2926 Caleni
1606 2872 1895 2925 sententiam
1939 2873 2004 2926 de
2039 2891 2161 2926 vero

403 2946 683 3001 carunculae
715 2947 802 2999 usu
838 2946 1186 3017 exponendam
1217 2945 1462 3004 meliorem
1495 2944 1701 3012 judicat,
1747 2944 1784 2996 fi
1814 2963 1914 3013 ego
1942 2963 2037 3014 pro
2072 2947 2162 2998 illo

199 3027 360 3077 altero
396 3018 859 3094 produxissem-‚nae
892 3017 1236 3087 multi‚longe
1268 3018 1416 3070 alium
1450 3020 1659 3070 omnino
1701 3018 1974 3070 carunculae
2007 3018 2162 3080 usum,

201 3114 258 3150 ut
287 3099 578 3166 proximum
608 3091 840 3144 videlicet
868 3106 1088 3143 meatum
1119 3094 1370 3159 operiret,
1401 3091 1598 3143 Caleno
1626 3089 1773 3141 unice
1800 3089 2068 3159 placuisse,
2099 3110 2162 3144 ex

198 3189 261 3221 eo
292 3171 548 3222 dumtaxat
584 3164 700 3216 loco
731 3163 1051 3231 judicassent,
1090 3164 1288 3231 quando
1317 3181 1418 3214 non
1449 3162 1670 3216 Galenus
1702 3162 1862 3214 mod&
1895 3165 1946 3214 in
1978 3162 2161 3214 eodem

2255 374 2370 432 359

2254 877 2366 931 359

2232 3227 2294 3263 De
2334 3227 2398 3264 Re

204 3245 364 3312 capite
391 3240 524 3295 hunc
567 3251 768 3306 quoque
800 3236 933 3288 usum
965 3235 1246 3305 proposuit5
1291 3234 1374 3287 sed
1407 3233 1458 3288 ἅ*
1496 3235 1702 3297 Celsus,
1738 3252 1978 3298 monem,
2016 3254 2079 3287 ne
2108 3237 2157 3287 in
2179 3273 2289 3313 Med.
2316 3274 2347 3313 1.
2363 3289 2401 3322 7·

1975 3306 2086 3359 Un-

2181 3335 2272 3377 cap.
2287 3338 2323 3368 7.
