2576 3607
600 231 1424 306 AWJMADVERSJO
1518 234 1737 292 XLV.
2002 259 2078 314 79

171 359 298 417 Illud
336 368 570 424 quoque,
606 367 658 402 te
706 347 879 402 silente
906 385 923 410 ‚
969 345 1122 399 docet
1171 342 1580 398 Drelincurtius:
1621 345 1872 414 principio
1921 351 1972 406 in
2017 366 2165 404 utero

174 425 527 488 umbilicalium
562 424 792 476 vasorum
825 421 1065 474 radiculas
1101 456 1136 483 „
1173 416 1404 470 medium
1436 414 1749 487 Embryonis
1796 435 2020 476 centrum
2055 441 2164 494 per·

176 541 212 570 ‚,
247 518 417 556 meare
448 512 598 566 atque
633 494 711 565 sic*
745 513 836 565 per
871 496 1092 548 mediam
1139 493 1243 547 Ovi
1296 488 1562 562 lympham
1605 489 1893 559 aliquandiu
1940 491 2169 563 fluitare3

173 615 208 644 „
245 575 326 629 sed
360 573 495 625 illam
529 569 734 622 tandem
767 604 787 613 -
816 585 1008 622 tranare
1039 567 1315 620 universam
1341 588 1354 618 :
1390 599 1409 609 -
1440 562 1599 619 Ovuli
1629 563 1886 635 pelliculas
1910 599 1929 608 -
1968 569 2171 623 tandem

173 687 208 716 >a
253 645 592 719 pertundere:
632 676 651 685 —
681 679 700 688 -
736 641 789 698 &
835 639 1254 694 succrescentibus
1304 637 1549 700 aemulis,
1593 671 1612 680 -
1648 634 1857 692 massam
1901 638 2039 691 illam
2074 639 2173 693 for-

170 761 210 788 „
244 739 384 774 mare
420 717 764 772 orbicularem
785 751 803 777 ‚
842 730 992 781 quam
1028 715 1055 765 a
1088 712 1255 783 figura
1303 710 1640 782 placentulam
1668 714 1920 765 vocitant.
1975 750 2014 776 7,
2047 712 2174 767 Non

177 797 377 858 dicam,
415 791 571 862 longe
609 790 754 843 aliam
794 802 966 840 motus
995 787 1097 838 vim
1133 789 1183 837 in
1229 783 1674 856 v'enae‘prssaesertim
1716 785 2007 839 umbilicalis
2053 786 2176 839 radi-

168 869 331 931 culis,
371 871 418 920 in
452 863 629 935 quibus
667 861 721 916 &
753 863 994 929 exiguum
1023 896 1041 921 ‚
1082 857 1135 913 δε
1165 855 1283 910 huic
1313 860 1525 927 negotio
1557 857 1899 911 adversantem
1938 876 2173 923 motum,

172 941 293 995 idest
325 955 563 994 truncum
595 931 763 988 versus
801 934 1116 1002 agnoscimus
1144 969 1163 994 ‚
1198 929 1355 1001 longe}
1403 928 1548 982 aliam
1586 933 1635 983 in
1668 932 1725 983 iis
1770 931 2008 985 omnibus
2043 932 2170 984 radi-

174 1015 298 1074 culis
331 1010 694 1067 firmitudinem
721 1045 740 1070 .,
778 1007 1028 1059 summum
1065 1005 1285 1073 denique
1323 1005 1584 1073 ingenium
1623 1006 1848 1073 requiri,
1885 1022 1940 1057 ut
1973 1020 2178 1075 pertun·

175 1088 297 1142 dere
337 1087 423 1140 ovi
469 1085 661 1137 tunicas
698 1117 717 1144 2
763 1080 817 1134 δε
855 1097 1007 1133 certae
1056 1077 1238 1149 figurae
1266 1115 1286 1141 ‚
1324 1074 1684 1146 struf'turaeque
1730 1095 1979 1148 organum
2007 1113 2026 1139 a
2078 1076 2178 1146 pla-

174 1176 380 1214 centam
430 1156 661 1212 videlicet
691 1192 712 1217 .,
749 1149 1024 1207 efformare
1076 1151 1274 1205 valeant
1306 1190 1323 1204 .
1377 1151 1502 1204 Non
1553 1151 1716 1203 dicam
1750 1187 1768 1214 .,
1813 1169 1899 1203 eas
1952 1167 2078 1219 quas
2128 1152 2178 1203 in

172 1231 418 1287 incubatis
469 1233 579 1285 ovis
630 1226 873 1280 habemus
905 1266 922 1293 ,
956 1225 1335 1280 observationes
1370 1246 1383 1291 ·‚
1433 1223 1618 1292 eosque
1661 1221 1743 1274 vel
1792 1225 2027 1274 minimos
2052 1224 2179 1289 *Em-

174 1306 398 1380 bryones
439 1321 572 1374 quos
620 1303 648 1354 a
685 1300 803 1355 Cel.
850 1301 1160 1355 Anatomicis
1201 1294 1465 1369 Ruyschio
1498 1333 1516 1358 a
1552 1297 1714 1350 Litrio
1750 1332 1768 1359 ,
1815 1295 2005 1349 Bidloo
2045 1295 2180 1348 'visos
2208 1319 2294 1356 141.
2325 1313 2392 1349 1⁶1

173 1397 227 1434 tu
262 1381 361 1451 ipse
404 1377 613 1433 exhibes
644 1414 663 1438 0
709 1372 979 1449 fluitantes
1033 1390 1127 1444 per
1179 1373 1402 1425 medium
1434 1369 1886 1438 colliquamentum
1930 1385 2182 1421 extremas
2208 1361 2426 1456 fessoma,

173 1454 400 1507 vasorum
448 1449 695 1504 radiculas
748 1467 851 1502 non
896 1445 1160 1501 ostendere
1196 1485 1209 1498 .
1263 1447 1384 1497 Hoc
1434 1462 1590 1495 unum
1649 1443 1854 1510 dicam5
1910 1441 1948 1495 fi
2000 1441 2184 1513 postre-
2233 1426 2256 1459 4

177 1543 320 1577 mum
368 1524 562 1578 ¹Graafii
609 1522 784 1590 Caput
821 1541 924 1574 non
967 1518 1210 1573 omisisses
1240 1537 1261 1577 5
1294 1517 1376 1571 vel
1412 1536 1478 1568 ex
1517 1517 1620 1582 ejus
1664 1515 2007 1586 embryonum
2056 1517 2184 1567 cuni·

177 1597 409 1651 culorum
464 1597 706 1665 Figuris,
756 1594 837 1647 vel
896 1612 959 1645 ex
1007 1611 1074 1646 eo
1140 1592 1276 1660 quod
1326 1591 1525 1652 tradit,
1577 1590 1806 1642 nond-um
1859 1588 2187 1656 embryone‚

176 1672 259 1724 sed
296 1668 543 1720 nubecula
596 1665 788 1719 tantum
838 1683 1118 1735 apparente
1150 1701 1167 1727 ‚
1200 1665 1303 1731 jam
1343 1679 1455 1714 tum
1509 1661 1852 1732 placentarum
1906 1661 2183 1732 primordia

175 1745 226 1797 se
262 1743 307 1794 se
345 1740 626 1793 observasse
656 1776 672 1802 ,
709 1755 765 1790 te
804 1739 959 1807 longe
1005 1741 1204 1789 veriora
1237 1735 1335 1788 hac
1371 1737 1439 1788 de
1473 1752 1530 1787 re
1576 1738 1671 1786 tuis
1723 1733 2022 1786 LeGoribus
2069 1750 2184 1803 pro-

174 1814 454 1887 pofitururn
486 1811 669 1866 fuisse.
774 1814 854 1865 Ex
896 1812 1085 1864 eodem
1132 1825 1344 1879 quoque
1381 1807 1572 1862 ⁴Graafii
1609 1809 1798 1878 Capite
1848 1807 2057 1878 intelligi
2096 1823 2184 1875 po-

178 1890 389 1951 tuisset,
440 1906 542 1940 non
594 1884 756 1939 modo
795 1885 966 1939 falsum
1012 1884 1122 1937 esse
1172 1883 1228 1934 id
1275 1883 1416 1952 quod
1474 1878 1632 1953 porro
1687 1880 1849 1934 censet
1892 1883 2184 1935 Drelincur-
2255 1901 2374 1963 115

177 1965 275 2013 tius
306 2000 326 2024 .,
357 1979 512 2014 ovum
551 1959 579 2012 ὲ
632 1962 815 2013 semine
867 1961 1083 2011 ineuntis
1131 1957 1335 2010 masculi
1389 1958 1439 2008 in
1488 1973 1638 2008 utero
1679 1953 2049 2026 deprehensum
2085 1951 2184 2006 foe-

180 2034 400 2086 cundum
452 2034 609 2099 fieri3
654 2030 768 2085 cum
802 2051 903 2086 ova
956 2035 1004 2084 in
1058 2031 1300 2084 cuniculis
1339 2048 1442 2081 non
1483 2028 1571 2081 nisi
1625 2032 1780 2082 tertio
1835 2028 1897 2082 ab
1935 2031 2056 2080 initu
2099 2028 2181 2080 die

183 2109 236 2158 in
273 2122 473 2156 uterum
504 2106 857 2164 dedu-cantum
892 2105 975 2156 sed
1006 2120 1252 2173 praeterea
1294 2101 1498 2153 minime
1531 2104 1558 2154 ὲ
1595 2119 1645 2154 te
1678 2103 1812 2163 esse,
1852 2119 1909 2154 ut
1943 2104 1990 2152 in
2027 2099 2182 2167 subje-

182 2177 260 2233 ἂει
308 2177 504 2230 Notula
537 2176 783 2231 existimas
820 2215 838 2238 ,
888 2175 1259 2242 demonstratum
1299 2196 1311 2225 :
1373 2177 1541 2225 semen
1596 2175 1753 2242 ipsum
1789 2176 1843 2225 in
1878 2177 2006 2224 uteri
2038 2170 2179 2224 tubas

184 2249 480 2320 ascendere3
514 2250 621 2302 imo
655 2251 733 2300 ad
755 2245 906 2319 usque
940 2252 1118 2299 ⁴avaria
1157 2264 1443 2311 excurrere,
1474 2263 1560 2319 pro
1598 2264 1797 2297 ovorum
1830 2243 1957 2297 inibe·
1990 2261 2178 2297 conten-

183 2338 344 2375 torum
378 2322 779 2392 feei-undatione.
818 2324 940 2386 Qua
995 2325 1161 2383 enim,
1198 2321 1438 2383 obsecrO,
1476 2323 1672 2372 ratione
1711 2322 1930 2389 primum
1969 2320 2177 2372 demon-

179 2394 377 2448 strasti?
414 2398 494 2448 Ex
528 2396 911 2457 observatione,
951 2397 1107 2463 inquis
1140 2431 1157 2456 a
1194 2395 1366 2446 Praecl.
1400 2392 1640 2463 Ruyschii
1668 2412 1688 2451 3
1725 2395 1810 2460 qui
1849 2392 2085 2445 videlicet
2124 2394 2176 2442 in

177 2468 264 2521 illa
293 2468 541 2522 Adultera
576 2469 762 2522 Tubas
799 2469 925 2520 vidit
962 2466 1168 2520 refertas
1194 2465 1389 2535 semine
1424 2464 1531 2518 albo
1567 2504 1584 2528 2
1637 2462 1698 2524 ῤ’
1734 2463 1846 2516 bene
1886 2467 2008 2515 coa‘Zo
2037 2504 2055 2528 ‚
2092 2477 2175 2514 aut
2276 2483 2327 2519 70

174 2538 661 2612 fizltem'fitbstamia
698 2581 715 2606 .,
772 2558 866 2611 quae
892 2539 1081 2611 semini
1130 2540 1278 2591 virili
1330 2540 1402 2591 ad
1433 2542 1634 2591 colorem
1684 2535 1744 2596 (β’
1796 2542 1860 2588 vi
1886 2557 1968 2588 nm
1986 2535 2173 2606 stmilis

184 2629 291 2665 erat
326 2655 338 2666 .
395 2616 551 2667 Vides
589 2616 749 2686 ipsum
787 2614 1234 2667 Praestantissimum
1275 2613 1676 2668 Observatorem
1715 2611 2021 2664 dubitantem
2057 2630 2077 2670 ,·
2123 2609 2175 2664 δε

186 2702 243 2738 tu
280 2687 607 2740 nihilominus
643 2684 980 2757 demonstrqffe
1015 2705 1066 2739 te
1095 2726 1111 2750 ‚
1151 2689 1271 2740 dicis
1307 2726 1319 2739 .
1377 2690 1448 2741 At
1485 2703 1663 2740 verum
1703 2685 1870 2737 semen
1908 2686 1959 2735 id
1995 2684 2168 2746 fuerit3

188 2778 310 2811 num
345 2775 622 2829 propterea
664 2762 711 2811 in
747 2761 981 2812 omnibus
1033 2759 1286 2813 foecundis
1325 2760 1526 2812 initibus
1565 2760 1700 2810 idem
1740 2760 1995 2822 contingat
2022 2792 2039 2816 2
2092 2772 2173 2804 ne·

189 2832 320 2883 cesse
359 2829 470 2883 est?
509 2830 735 2884 Graafius
771 2833 906 2881 certe]
945 2835 993 2880 in
1033 2833 1216 2881 eodem
1259 2832 1444 2898 Capite
1482 2845 1667 2896 negat,
1709 2828 1734 2878 a
1774 2826 2006 2878 cornibus
2042 2826 2172 2878 uteri

188 2906 240 2957 in
281 2902 625 2956 cuniculorum
658 2902 834 2954 Tubas
883 2902 963 2954 vel
994 2897 1172 2952 flatum
1211 2902 1364 2967 ipsum
1396 2937 1430 2963 „
1490 2916 1760 2970 penetrare
1798 2915 2007 2969 propter
2045 2898 2175 2951 laxas

187 3012 222 3042 Ἃ
259 2975 495 3045 quasdam
526 2974 748 3039 fimbrias
786 2974 928 3028 instar
967 2973 1174 3026 valvulae
1205 2971 1416 3025 intestini
1454 2973 1573 3027 Coli
1614 2972 1965 3025 concidentes,
1999 3009 2031 3035 „
2075 2974 2173 3025 Ve-

191 3047 304 3103 rum
342 3046 443 3099 hoc
479 3051 629 3099 etiam
668 3052 716 3101 in
755 3048 930 3101 XIV.
970 3048 1156 3117 Capite
1195 3045 1526 3109 docueram„
1563 3045 1941 3112 Reperinntur,
1978 3047 2176 3114 inquit,
2279 3062 2340 3104 69.

191 3161 227 3187 Ὦ
264 3119 488 3174 animalia
527 3136 636 3187 quae
672 3124 718 3173 in
754 3155 771 3164 -
812 3119 1077 3171 Tubarum
1116 3121 1362 3189 principio
1401 3117 1533 3186 quasi
1580 3117 1826 3170 valvulam
1865 3115 2125 3180 obtinent,
2160 3152 2178 3162 -

192 3233 224 3258 :³
261 3213 369 3265 quae
423 3193 629 3263 impedit
659 3231 675 3255 ,
733 3191 994 3260 quominus
1032 3195 1079 3245 in
1134 3191 1364 3244 Uterum
1417 3189 1597 3259 injefla
1633 3189 1738 3255 ejus
1794 3188 1970 3241 Tubas
2017 3189 2179 3243 subire

192 3306 225 3332 a:
262 3265 440 3337 possint
475 3303 492 3332 2
541 3266 592 3318 in
631 3264 863 3319 cuniculis
899 3267 1032 3318 enim
1077 3262 1264 3318 eodem
1305 3262 1681 3336 propemodum
1734 3260 1890 3315 mod&
1926 3263 1973 3316 se
2015 3262 2060 3315 se
2099 3263 2178 3317 ha-

1941 3374 1975 3401 „
2011 3335 2098 3389 bet

2268 408 2344 445 114
