2576 3607
640 163 1460 253 AwJMADVERslo
1547 170 1803 231 *XL1V4
2053 185 2165 256 77-

457 319 1639 396 ANIMADVERSIO
1732 326 2008 398 XLIV„

247 492 549 637 REstat
580 493 752 564 Caput
780 490 1007 545 ultimum
1028 531 1046 556 ,
1080 490 1232 559 idque
1266 489 1495 541 omnium
1529 489 1890 560 longisiin‘iurn·²
1921 492 2001 544 sed
2033 513 2122 550 nos
2155 494 2221 550 εό

455 568 708 629 breviores
741 567 790 617 in
822 563 922 616 hoc
952 569 1142 620 erimus
1174 601 1192 626 ,
1246 561 1348 631 quo
1388 561 1578 615 fuimus
1613 567 1662 615 in
1710 562 2039 633 superioribus
2075 569 2220 636 proli-

248 647 441 695 xiores.
551 640 671 709 Ejus
705 637 837 690 hunc
869 639 1070 691 titulum
1102 639 1368 708 proponis:
1413 645 1488 688 De
1524 640 1858 709 conceptione,
1895 645 2054 688 Faetus
2089 638 2223 709 effor.

248 719 488 779 matiam,
524 714 784 765 mutatione
814 748 831 773 ,
863 715 1151 773 accretione,
1191 705 1250 767 (ῥυ
1284 722 1462 780 partu.
1504 711 1702 764 Deinde
1738 709 1803 763 fic
1840 712 2045 780 incipis:
2074 749 2108 775 „
2142 712 2227 764 Illa

246 827 282 854 2,
319 792 521 852 omnia,
560 788 623 840 de
656 784 828 854 quibus
861 786 908 833 in
940 783 1083 852 hujus
1115 784 1289 851 capitis
1326 782 1501 846 titulo,
1531 800 1633 835 tam
1666 783 1861 837 erudite?
1893 800 2043 853 atque
2075 785 2227 838 nitide

246 899 282 928 2,
319 862 464 915 nobis
497 859 722 930 exposuit
752 853 1041 908 Praeclariss.
1075 855 1289 909 Carolus
1324 855 1692 908 Drelincurtius
1723 894 1739 919 a
1774 893 1790 900 -
1836 872 1894 907 ut
1921 856 1949 908 ἐ
1983 874 2039 908 re
2071 860 2228 909 omni-

248 973 283 1000 „
321 952 395 988 no·
422 933 647 987 futurum
679 928 737 981 fit
772 965 788 990 ‚
841 927 876 981 fi
907 947 1026 982 eum
1060 927 1413 998 elegantiffime
1449 945 1541 995 pro
1578 947 1723 981 more
1751 928 2046 982 scribentem
2080 933 2129 983 in
2159 930 2229 981 hi·

245 1046 280 1074 aa
320 1010 399 1061 sce
429 1007 648 1058 materiis
682 1001 1019 1074 producamus
1039 1042 1051 1054 .
1087 1039 1121 1064 Ἃ
1159 1002 1224 1052 Et
1255 999 1497 1053 continuo
1530 999 1749 1068 ejusdem
1788 1004 2053 1072 Scriptoris
2084 1004 2227 1073 Opu-

247 1081 387 1133 sculis
427 1079 606 1150 imples
638 1077 847 1148 paginas
879 1075 1014 1147 quafi
1043 1075 1323 1144 sexaginta.
1354 1073 1605 1141 Equidem
1642 1073 1675 1126 si
1707 1075 2103 1129 Drelincurtium
2123 1112 2140 1138 ,
2169 1092 2229 1128 ut

247 1155 559 1223 Scriptorem
592 1151 874 1213 eruditum,
905 1150 956 1206 &
987 1150 1049 1202 de
1078 1150 1343 1218 Dogmate
1388 1150 1736 1200 Generationis
1774 1149 2131 1219 Viviparorurn
2164 1166 2228 1201 ex

240 1229 401 1288 Ὀνο,
441 1224 540 1278 five
571 1224 918 1286 observandO‚
948 1222 1046 1276 five
1089 1219 1392 1289 cogitandm
1422 1221 1657 1289 egregie,
1690 1238 1747 1274 ut
1789 1220 1880 1273 illis
1909 1219 2087 1288 quibus
2116 1220 2228 1271 scri.

246 1298 374 1372 psit,
413 1297 759 1368 temporibus.,
795 1300 1031 1350 meritum
1069 1294 1269 1361 laudes,
1310 1291 1446 1344 ultro
1484 1294 1709 1346 assentiar
1739 1312 1758 1353 ,·
1798 1292 2077 1361 addamque
2105 1308 2226 1362 prae-

249 1390 421 1436 terea,
459 1371 696 1424 nonnulla
732 1374 783 1422 in
822 1372 926 1439 ejus
958 1370 1165 1438 Scriptis
1196 1364 1462 1436 peculiaria
1496 1368 1704 1419 inveniri
1736 1365 1914 1436 quibus
1945 1365 2027 1418 vel
2057 1382 2228 1418 recen·

249 1445 411 1497 tiffirni
448 1447 735 1498 Anatomici
769 1443 829 1493 ad
865 1442 985 1494 illud
1021 1442 1157 1494 idem
1190 1441 1398 1508 Dogma
1430 1438 1777 1508 explicandum
1807 1478 1823 1500 ‚
1861 1438 2226 1508 tutandumque

246 1518 355 1570 sunt
385 1516 457 1569 usi
478 1557 488 1569 .
528 1519 597 1569 At
634 1515 696 1583 s13
738 1516 873 1583 quod
907 1514 1051 1581 facis,
1094 1511 1369 1574 existimes,
1399 1513 1426 1561 ὲ
1465 1529 1520 1562 re
1550 1515 1737 1563 omnino
1770 1508 1860 1580 effe
1890 1510 2105 1580 ejusdem
2135 1527 2225 1581 po-

251 1588 346 1642 tius
377 1589 634 1660 Opuscula
666 1587 750 1640 hic
786 1587 1052 1649 adhibere,
1087 1585 1236 1653 quam
1271 1584 1473 1636 alterius
1506 1586 1788 1636 Anatomici
1820 1586 2045 1654 Scripta,
2074 1581 2224 1637 &vel

251 1662 349 1731 ipsa
383 1662 566 1715 Graafii
607 1678 716 1729 quae
746 1659 944 1713 omisisti
974 1699 990 1723 ‚
1030 1660 1214 1725 Capita
1247 1656 1307 1707 ad
1339 1674 1395 1708 ea
1437 1674 1546 1725 quae
1577 1659 1626 1708 in
1658 1659 1728 1708 tui
1758 1655 1901 1725 hujus
1935 1655 2081 1707 titulo
2111 1672 2224 1724 pro-

250 1732 447 1797 mifisti,
483 1733 716 1802 preffiiiS‚
754 1730 961 1794 clarius,
999 1728 1190 1796 utilius,
1231 1746 1294 1781 ne
1324 1728 1602 1794 multis-,ita
1633 1744 1689 1779 ut
1719 1730 2007 1781 Anatomen
2040 1729 2224 1781 docen-

245 1824 352 1860 tem
386 1807 599 1859 maxime
634 1806 809 1867 decet,
849 1802 1070 1857 absolute
1101 1840 1118 1865 ,
1157 1818 1305 1870 atque
1343 1801 1523 1852 ordine
1556 1801 1799 1852 tradenda
1833 1838 1850 1863 ,
1902 1800 2015 1853 vide
2047 1820 2109 1853 ne
2137 1817 2224 1854 tua

248 1897 302 1932 te
336 1876 607 1950 plurimum
641 1877 779 1931 fallat
810 1879 1013 1947 opinio.
1056 1875 1400 1928 Drelincurtio
1442 1875 1604 1936 enim,
1641 1875 1865 1941 quamvis
1897 1871 2224 1942 Laconismum

233 1949 363 2025 fibi,
400 1970 457 2005 ut
489 1955 650 2021 inquit
682 1990 699 2016 ,
722 1950 1032 2023 familiarem
1066 1945 1328 2002 affefrante
1357 1985 1373 2009 ³
1412 1945 1740 2017 prolixiorem
1779 1949 2088 2016 Scriptorem
2121 1965 2223 1999 non
2295 1968 2301 1972 “

249 2025 394 2078 facile
424 2028 700 2078 inveneris.
739 2027 871 2078 Nam
912 2025 1140 2091 qtiotieS‚
1179 2020 1417 2082 obicem,
1455 2023 1501 2072 in
1538 2018 1785 2090 prioribus
1825 2019 2094 2087 Opusculis
2123 2018 2223 2085 jam

252 2100 361 2151 satis
393 2097 617 2167 exposita
645 2136 662 2161 .,
702 2101 746 2149 in
785 2094 1141 2164 posterioribus
1177 2096 1323 2146 iterat
1355 2095 1376 2144 ἒ
1432 2092 1511 2143 vel
1556 2093 1673 2160 quid
1711 2092 1913 2144 tandem
1953 2094 2127 2143 attinet
2158 2091 2220 2145 ad

248 2190 340 2224 eos
374 2174 457 2238 qui
490 2170 548 2222 ad
580 2187 749 2223 veram
785 2168 1030 2220 historiam
1063 2203 1079 2227 ,
1132 2164 1180 2218 ἃ
1217 2165 1276 2217 ad
1309 2163 1541 2216 similiora
1587 2167 1690 2215 veri
1738 2167 1959 2232 cogitata
1993 2164 2218 2222 discenda

249 2259 564 2314 properant,
597 2259 680 2295 tot
711 2240 846 2293 falsas
879 2241 1174 2292 traditiones
1207 2276 1224 2302 ‚
1259 2253 1379 2306 quas
1411 2238 1459 2289 in
1494 2237 1771 2288 universum
1802 2237 1906 2289 satis
1936 2252 2044 2288 erat
2076 2236 2216 2289 refel-

247 2317 384 2379 lere,
423 2317 606 2369 curiosa
639 2316 809 2376 nimiS,
850 2312 900 2368 &
933 2313 1290 2381 supervacanea
1331 2308 1459 2361 hisce
1498 2310 1768 2380 praesertim
1805 2309 2118 2381 temporibus
2151 2310 2220 2360 di-

247 2389 453 2460 ligentia
486 2387 733 2460 sigillatim
770 2386 1156 2439 commemorari
1192 2387 1214 2437 ἓ
1266 2385 1318 2435 In
1352 2380 1447 2434 hac
1477 2400 1643 2435 tamen
1682 2401 1737 2434 re
1768 2399 1904 2434 totus
1944 2381 2011 2434 est
2042 2384 2091 2433 in
2124 2379 2220 2431 Ad.

247 2461 517 2532 vasoriis,
553 2464 969 2531 Hypomnematis‚
1007 2456 1339 2510 Meletematis
1356 2494 1371 2519 ,
1409 2452 1914 2520 Animadverfiombm
1947 2493 1964 2518 ,
2001 2451 2216 2522 Castiga-

248 2533 484 2599 tionibus‚
518 2530 940 2586 Emendationibus
957 2570 973 2595 ,
1010 2526 1410 2581 Meditationibus
1442 2529 1702 2581 Elenfflcis
1723 2568 1734 2581 .
1771 2529 1984 2581 Utinam
2020 2526 2087 2580 fic
2103 2528 2218 2579 sem-

251 2626 343 2676 per
373 2607 630 2679 scripsisset
651 2646 667 2672 ,
698 2624 753 2661 ut
783 2610 834 2660 in
864 2626 926 2660 eo
959 2604 1221 2672 Opusculo
1257 2604 1391 2672 quod
1425 2601 1483 2652 de
1514 2611 1747 2673 Conceptte
1777 2611 2033 2672 Conceptus
2064 2601 2217 2652 inscri-

251 2681 428 2748 bitur3
468 2686 515 2733 in
553 2681 650 2734 hoc
688 2683 820 2732 enirn
862 2678 978 2746 quid
1020 2676 1102 2729 fibi
1141 2678 1364 2730 videatur
1396 2714 1413 2739 2
1459 2679 1648 2729 caeteris
1687 2674 1864 2728 omissis
1893 2714 1910 2738 ,
1948 2674 2214 2742 proponit.

255 2755 451 2806 Contra
483 2755 528 2803 in
557 2747 975 2802 Lucubratiom'bus
1014 2751 1132 2801 dum
1168 2752 1503 2817 Antiquorum
1537 2749 1666 2817 pene
1706 2751 1928 2799 omnium
1959 2747 2220 2797 sententias

254 2826 318 2877 de
356 2825 541 2878 eodem
576 2825 843 2890 Conceptu
874 2820 1015 2870 anxie
1054 2825 1280 2888 congerit
1312 2844 1324 2884 ·,
1367 2822 1483 2886 quid
1519 2821 1648 2870 aliud
1689 2821 1791 2886 agit
1824 2854 1840 2879 ,
1880 2816 1966 2868 nisi
1999 2833 2052 2867 ut
2084 2816 2220 2884 quod

257 2898 326 2950 illi
362 2899 424 2949 cle
455 2896 706 2952 Oviformi
737 2898 783 2945 in
818 2910 965 2946 utero
1000 2892 1269 2958 Conceptu
1302 2890 1662 2950 tradidere2de
1682 2891 2035 2958 Viviparorum
2060 2892 2223 2942 Gene-

254 2973 448 3024 ratione
479 2990 541 3022 ex
572 2972 691 3023 Ovo
725 2968 785 3019 ab
819 2967 1013 3021 Ovariis
1045 2963 1241 3032 delapso
1274 2964 1474 3014 incautis
1503 2961 1707 3015 fortasse
1752 2961 2046 3015 Lefiloribus
2077 2963 2221 3014 tradi-

260 3045 381 3098 disse
413 3043 671 3095 videantur
693 3083 703 3094 .
817 3037 918 3093 Hic
956 3036 1097 3089 facile
1130 3038 1289 3089 dices:
1328 3039 1538 3089 etiamne
1570 3035 1890 3089 Drelincurtii
1924 3039 2118 3105 Scripta
2150 3054 2221 3088 ar-

255 3119 408 3188 guis?
449 3118 561 3184 Ego
595 3115 717 3168 vero
748 3117 796 3166 in
833 3112 933 3165 hoc
972 3112 1168 3180 quidem
1200 3110 1316 3162 loco
1350 3129 1451 3163 non
1488 3126 1591 3162 tam
1624 3108 1708 3162 ista
1740 3108 2062 3163 Drelincurtii
2097 3113 2221 3162 Scri-

253 3210 336 3261 pta
371 3188 391 3253 (
429 3206 536 3259 quae
574 3188 758 3258 alioqui
803 3187 903 3242 esse
954 3183 1304 3250 eruditissima,
1341 3183 1498 3238 libens
1538 3182 1731 3247 fateor,
1761 3181 1812 3238 δε
1846 3183 2041 3309 ςιιίὺιιῗ)
2057 3183 2223 3236 elucu-

2046 3273 2148 3309 rata

2319 647 2386 698 81

2323 1917 2390 1963 138
