<?xml version="1.0" encoding="UTF-8"?>
<!DOCTYPE html PUBLIC "-//W3C//DTD XHTML 1.0 Transitional//EN"
    "http://www.w3.org/TR/xhtml1/DTD/xhtml1-transitional.dtd">
<html xmlns="http://www.w3.org/1999/xhtml" xml:lang="en" lang="en">
 <head>
  <title>
</title>
<meta http-equiv="Content-Type" content="text/html;charset=utf-8" />
  <meta name='ocr-system' content='tesseract 3.04.00' />
  <meta name='ocr-capabilities' content='ocr_page ocr_carea ocr_par ocr_line ocrx_word'/>
</head>
<body>
  <div class='ocr_page' id='page_1' title='image "adversariaanatom00morg_0014.png"; bbox 0 0 2576 3607; ppageno 0'>
   <div class='ocr_carea' id='block_1_1' title="bbox 292 281 2298 3278">
    <p class='ocr_par' dir='ltr' id='par_1_1' title="bbox 295 281 2293 1067">
     <span class='ocr_line' id='line_1_1' title="bbox 295 281 2287 357; baseline -0.003 -16"><span class='ocrx_word' id='word_1_1' title='bbox 295 286 484 341; x_wconf 88' lang='lat' dir='ltr'><strong>Medici</strong></span> <span class='ocrx_word' id='word_1_2' title='bbox 517 285 692 339; x_wconf 88' lang='lat' dir='ltr'><strong>Partes</strong></span> <span class='ocrx_word' id='word_1_3' title='bbox 730 281 876 354; x_wconf 82' lang='lat' dir='ltr'><strong>gestis</strong></span> <span class='ocrx_word' id='word_1_4' title='bbox 908 283 1127 338; x_wconf 78' lang='lat' dir='ltr'><strong>Summis</strong></span> <span class='ocrx_word' id='word_1_5' title='bbox 1159 286 1446 339; x_wconf 83' lang='lat' dir='ltr'><strong>Anatomici</strong></span> <span class='ocrx_word' id='word_1_6' title='bbox 1477 285 1695 352; x_wconf 58' lang='lat' dir='ltr'><strong>Munus,</strong></span> <span class='ocrx_word' id='word_1_7' title='bbox 1740 284 1851 340; x_wconf 69' lang='lat' dir='ltr'><strong>cum</strong></span> <span class='ocrx_word' id='word_1_8' title='bbox 1890 286 1988 357; x_wconf 92' lang='lat' dir='ltr'><strong>ipse</strong></span> <span class='ocrx_word' id='word_1_9' title='bbox 2025 305 2088 339; x_wconf 86' lang='lat' dir='ltr'><strong>ne</strong></span> <span class='ocrx_word' id='word_1_10' title='bbox 2123 283 2287 338; x_wconf 86' lang='lat' dir='ltr'><strong>Publi-</strong></span> 
     </span>
     <span class='ocr_line' id='line_1_2' title="bbox 299 355 2289 428; baseline 0 -19"><span class='ocrx_word' id='word_1_11' title='bbox 299 359 357 412; x_wconf 66' lang='lat' dir='ltr'><strong>ce?</strong></span> <span class='ocrx_word' id='word_1_12' title='bbox 391 358 592 426; x_wconf 84' lang='lat' dir='ltr'><strong>quidem</strong></span> <span class='ocrx_word' id='word_1_13' title='bbox 627 360 1073 422; x_wconf 72' lang='lat' dir='ltr'><strong>Medicinam,aut</strong></span> <span class='ocrx_word' id='word_1_14' title='bbox 1099 361 1389 413; x_wconf 85' lang='lat' dir='ltr'><strong>Anatomen</strong></span> <span class='ocrx_word' id='word_1_15' title='bbox 1429 355 1729 428; x_wconf 67' lang='lat' dir='ltr'><strong>profiteatur</strong></span> <span class='ocrx_word' id='word_1_16' title='bbox 1750 398 1762 413; x_wconf 83' lang='lat'><strong>.</strong></span> <span class='ocrx_word' id='word_1_17' title='bbox 1804 359 2006 428; x_wconf 82' lang='lat' dir='ltr'><strong>Quibus</strong></span> <span class='ocrx_word' id='word_1_18' title='bbox 2044 379 2108 412; x_wconf 87' lang='lat' dir='ltr'><strong>ex</strong></span> <span class='ocrx_word' id='word_1_19' title='bbox 2138 357 2289 410; x_wconf 86' lang='lat' dir='ltr'><strong>rebus</strong></span> 
     </span>
     <span class='ocr_line' id='line_1_3' title="bbox 296 429 2289 504; baseline 0.001 -22"><span class='ocrx_word' id='word_1_20' title='bbox 296 448 406 500; x_wconf 85' lang='lat' dir='ltr'><strong>quae</strong></span> <span class='ocrx_word' id='word_1_21' title='bbox 437 448 535 501; x_wconf 84' lang='lat' dir='ltr'><strong>ego</strong></span> <span class='ocrx_word' id='word_1_22' title='bbox 576 432 727 501; x_wconf 89' lang='lat' dir='ltr'><strong>usque</strong></span> <span class='ocrx_word' id='word_1_23' title='bbox 768 432 900 484; x_wconf 78' lang='lat' dir='ltr'><strong>adeo</strong></span> <span class='ocrx_word' id='word_1_24' title='bbox 945 449 1254 501; x_wconf 87' lang='lat' dir='ltr'><strong>provocatus</strong></span> <span class='ocrx_word' id='word_1_25' title='bbox 1300 432 1621 502; x_wconf 80' lang='lat' dir='ltr'><strong>reposuissem</strong></span> <span class='ocrx_word' id='word_1_26' title='bbox 1651 472 1668 498; x_wconf 73' lang='lat'>,</span> <span class='ocrx_word' id='word_1_27' title='bbox 1722 453 1782 487; x_wconf 90' lang='lat' dir='ltr'><strong>ac</strong></span> <span class='ocrx_word' id='word_1_28' title='bbox 1828 450 2079 504; x_wconf 85' lang='lat' dir='ltr'><strong>reponere</strong></span> <span class='ocrx_word' id='word_1_29' title='bbox 2123 429 2289 484; x_wconf 89' lang='lat' dir='ltr'><strong>adhuc</strong></span> 
     </span>
     <span class='ocr_line' id='line_1_4' title="bbox 297 502 2290 576; baseline 0.001 -21"><span class='ocrx_word' id='word_1_30' title='bbox 297 520 600 572; x_wconf 79' lang='lat' dir='ltr'><strong>pergerem,</strong></span> <span class='ocrx_word' id='word_1_31' title='bbox 637 523 697 558; x_wconf 90' lang='lat' dir='ltr'><strong>ea</strong></span> <span class='ocrx_word' id='word_1_32' title='bbox 732 525 834 559; x_wconf 90' lang='lat' dir='ltr'><strong>non</strong></span> <span class='ocrx_word' id='word_1_33' title='bbox 865 502 1015 559; x_wconf 53' lang='lat' dir='ltr'><strong>Diua</strong></span> <span class='ocrx_word' id='word_1_34' title='bbox 1037 543 1054 567; x_wconf 57' lang='lat'>0</span> <span class='ocrx_word' id='word_1_35' title='bbox 1093 525 1197 559; x_wconf 86' lang='lat' dir='ltr'><strong>non</strong></span> <span class='ocrx_word' id='word_1_36' title='bbox 1229 502 1584 566; x_wconf 79' lang='lat' dir='ltr'><strong>Offensiones,</strong></span> <span class='ocrx_word' id='word_1_37' title='bbox 1624 507 1704 560; x_wconf 90' lang='lat' dir='ltr'><strong>sed</strong></span> <span class='ocrx_word' id='word_1_38' title='bbox 1735 507 1985 576; x_wconf 79' lang='lat' dir='ltr'><strong>Responsa</strong></span> <span class='ocrx_word' id='word_1_39' title='bbox 2020 543 2036 567; x_wconf 74' lang='lat'>,</span> <span class='ocrx_word' id='word_1_40' title='bbox 2073 505 2153 558; x_wconf 83' lang='lat' dir='ltr'><strong>sed</strong></span> <span class='ocrx_word' id='word_1_41' title='bbox 2186 506 2290 557; x_wconf 85' lang='lat' dir='ltr'><strong>De·</strong></span> 
     </span>
     <span class='ocr_line' id='line_1_5' title="bbox 296 575 2292 650; baseline -0.001 -20"><span class='ocrx_word' id='word_1_42' title='bbox 296 575 541 630; x_wconf 88' lang='lat' dir='ltr'><strong>fenfiones</strong></span> <span class='ocrx_word' id='word_1_43' title='bbox 592 578 693 631; x_wconf 87' lang='lat' dir='ltr'><strong>esse</strong></span> <span class='ocrx_word' id='word_1_44' title='bbox 723 616 740 641; x_wconf 75' lang='lat'>,</span> <span class='ocrx_word' id='word_1_45' title='bbox 795 596 902 630; x_wconf 86' lang='lat' dir='ltr'><strong>tum</strong></span> <span class='ocrx_word' id='word_1_46' title='bbox 955 579 1127 630; x_wconf 82' lang='lat' dir='ltr'><strong>Priscis</strong></span> <span class='ocrx_word' id='word_1_47' title='bbox 1155 616 1171 640; x_wconf 76' lang='lat'>‚</span> <span class='ocrx_word' id='word_1_48' title='bbox 1225 595 1335 630; x_wconf 85' lang='lat' dir='ltr'><strong>tum</strong></span> <span class='ocrx_word' id='word_1_49' title='bbox 1372 578 1760 643; x_wconf 83' lang='lat' dir='ltr'><strong>Recentioribus</strong></span> <span class='ocrx_word' id='word_1_50' title='bbox 1794 578 2109 650; x_wconf 82' lang='lat' dir='ltr'><strong>Sapientibus</strong></span> <span class='ocrx_word' id='word_1_51' title='bbox 2155 578 2292 630; x_wconf 84' lang='lat' dir='ltr'><strong>Viris</strong></span> 
     </span>
     <span class='ocr_line' id='line_1_6' title="bbox 296 647 2293 719; baseline 0.001 -19"><span class='ocrx_word' id='word_1_52' title='bbox 296 648 623 719; x_wconf 88' lang='lat' dir='ltr'><strong>probantibus</strong></span> <span class='ocrx_word' id='word_1_53' title='bbox 639 681 662 715; x_wconf 39' lang='lat'><strong>‚⁷</strong></span> <span class='ocrx_word' id='word_1_54' title='bbox 687 649 1085 703; x_wconf 86' lang='lat' dir='ltr'><strong>demonstrabam</strong></span> <span class='ocrx_word' id='word_1_55' title='bbox 1107 690 1119 702; x_wconf 90' lang='lat'><strong><em>.</em></strong></span> <span class='ocrx_word' id='word_1_56' title='bbox 1153 653 1280 704; x_wconf 87' lang='lat' dir='ltr'><strong>Mox</strong></span> <span class='ocrx_word' id='word_1_57' title='bbox 1314 667 1423 717; x_wconf 84' lang='lat' dir='ltr'><strong>quae</strong></span> <span class='ocrx_word' id='word_1_58' title='bbox 1456 647 1574 702; x_wconf 84' lang='lat' dir='ltr'><strong>hinc</strong></span> <span class='ocrx_word' id='word_1_59' title='bbox 1609 648 1770 714; x_wconf 72' lang='lat' dir='ltr'><strong>illinc,</strong></span> <span class='ocrx_word' id='word_1_60' title='bbox 1813 655 1863 703; x_wconf 86' lang='lat' dir='ltr'><strong>in</strong></span> <span class='ocrx_word' id='word_1_61' title='bbox 1894 651 2140 706; x_wconf 80' lang='lat' dir='ltr'><strong>nonnullis</strong></span> <span class='ocrx_word' id='word_1_62' title='bbox 2169 667 2293 719; x_wconf 83' lang='lat' dir='ltr'><strong>prae-</strong></span> 
     </span>
     <span class='ocr_line' id='line_1_7' title="bbox 296 721 2289 793; baseline 0.001 -19"><span class='ocrx_word' id='word_1_63' title='bbox 296 722 464 774; x_wconf 86' lang='lat' dir='ltr'><strong>sertim</strong></span> <span class='ocrx_word' id='word_1_64' title='bbox 503 722 1033 777; x_wconf 83' lang='lat' dir='ltr'><strong>Animadversionibus</strong></span> <span class='ocrx_word' id='word_1_65' title='bbox 1065 760 1082 786; x_wconf 71' lang='lat'>³</span> <span class='ocrx_word' id='word_1_66' title='bbox 1135 738 1284 775; x_wconf 88' lang='lat' dir='ltr'><strong>certae</strong></span> <span class='ocrx_word' id='word_1_67' title='bbox 1316 721 1544 792; x_wconf 81' lang='lat' dir='ltr'><strong>quaedam</strong></span> <span class='ocrx_word' id='word_1_68' title='bbox 1581 722 1821 793; x_wconf 83' lang='lat' dir='ltr'><strong>loquendi</strong></span> <span class='ocrx_word' id='word_1_69' title='bbox 1856 724 2085 776; x_wconf 79' lang='lat' dir='ltr'><strong>formulae</strong></span> <span class='ocrx_word' id='word_1_70' title='bbox 2118 725 2168 777; x_wconf 91' lang='lat' dir='ltr'><strong>in</strong></span> <span class='ocrx_word' id='word_1_71' title='bbox 2202 740 2289 775; x_wconf 86' lang='lat' dir='ltr'><strong>me</strong></span> 
     </span>
     <span class='ocr_line' id='line_1_8' title="bbox 296 793 2292 867; baseline 0.001 -20"><span class='ocrx_word' id='word_1_72' title='bbox 296 794 693 863; x_wconf 76' lang='lat' dir='ltr'><strong>torquebantur,</strong></span> <span class='ocrx_word' id='word_1_73' title='bbox 734 813 789 848; x_wconf 90' lang='lat' dir='ltr'><strong>ut</strong></span> <span class='ocrx_word' id='word_1_74' title='bbox 821 796 881 847; x_wconf 89' lang='lat' dir='ltr'><strong>ad</strong></span> <span class='ocrx_word' id='word_1_75' title='bbox 918 815 977 848; x_wconf 90' lang='lat' dir='ltr'><strong>ea</strong></span> <span class='ocrx_word' id='word_1_76' title='bbox 1011 795 1119 849; x_wconf 88' lang='lat' dir='ltr'><strong>loca</strong></span> <span class='ocrx_word' id='word_1_77' title='bbox 1151 806 1361 863; x_wconf 84' lang='lat' dir='ltr'><strong>ventum</strong></span> <span class='ocrx_word' id='word_1_78' title='bbox 1392 814 1533 860; x_wconf 79' lang='lat' dir='ltr'><strong>erat,</strong></span> <span class='ocrx_word' id='word_1_79' title='bbox 1572 799 1638 849; x_wconf 91' lang='lat' dir='ltr'><strong>ita</strong></span> <span class='ocrx_word' id='word_1_80' title='bbox 1672 797 1834 849; x_wconf 90' lang='lat' dir='ltr'><strong>rursus</strong></span> <span class='ocrx_word' id='word_1_81' title='bbox 1875 793 2089 865; x_wconf 80' lang='lat' dir='ltr'><strong>singulas</strong></span> <span class='ocrx_word' id='word_1_82' title='bbox 2123 795 2292 867; x_wconf 87' lang='lat' dir='ltr'><strong>repel-</strong></span> 
     </span>
     <span class='ocr_line' id='line_1_9' title="bbox 295 866 2287 939; baseline 0.001 -19"><span class='ocrx_word' id='word_1_83' title='bbox 295 867 494 931; x_wconf 66' lang='lat' dir='ltr'><strong>lebam„</strong></span> <span class='ocrx_word' id='word_1_84' title='bbox 533 885 630 937; x_wconf 82' lang='lat' dir='ltr'><strong>qua</strong></span> <span class='ocrx_word' id='word_1_85' title='bbox 664 870 923 922; x_wconf 84' lang='lat' dir='ltr'><strong>severitate</strong></span> <span class='ocrx_word' id='word_1_86' title='bbox 955 866 1040 921; x_wconf 87' lang='lat' dir='ltr'><strong>hic</strong></span> <span class='ocrx_word' id='word_1_87' title='bbox 1070 888 1175 922; x_wconf 89' lang='lat' dir='ltr'><strong>non</strong></span> <span class='ocrx_word' id='word_1_88' title='bbox 1210 870 1369 922; x_wconf 87' lang='lat' dir='ltr'><strong>dicam</strong></span> <span class='ocrx_word' id='word_1_89' title='bbox 1399 888 1419 931; x_wconf 80' lang='grc'><strong>,-</strong></span> <span class='ocrx_word' id='word_1_90' title='bbox 1460 887 1556 939; x_wconf 82' lang='lat' dir='ltr'><strong>qua</strong></span> <span class='ocrx_word' id='word_1_91' title='bbox 1588 886 1757 923; x_wconf 85' lang='lat' dir='ltr'><strong>autem</strong></span> <span class='ocrx_word' id='word_1_92' title='bbox 1791 872 1841 925; x_wconf 88' lang='lat' dir='ltr'><strong>vi</strong></span> <span class='ocrx_word' id='word_1_93' title='bbox 1874 909 1891 932; x_wconf 53' lang='lat'>2</span> <span class='ocrx_word' id='word_1_94' title='bbox 1927 869 1980 924; x_wconf 82' lang='lat'>&amp;</span> <span class='ocrx_word' id='word_1_95' title='bbox 2015 885 2117 938; x_wconf 89' lang='lat' dir='ltr'><strong>quo</strong></span> <span class='ocrx_word' id='word_1_96' title='bbox 2147 869 2287 935; x_wconf 81' lang='lat' dir='ltr'><strong>jure,</strong></span> 
     </span>
     <span class='ocr_line' id='line_1_10' title="bbox 296 940 2284 1014; baseline 0.001 -21"><span class='ocrx_word' id='word_1_97' title='bbox 296 960 357 993; x_wconf 84' lang='lat' dir='ltr'><strong>ex</strong></span> <span class='ocrx_word' id='word_1_98' title='bbox 393 959 457 992; x_wconf 91' lang='lat' dir='ltr'><strong>eo</strong></span> <span class='ocrx_word' id='word_1_99' title='bbox 490 960 594 993; x_wconf 90' lang='lat' dir='ltr'><strong>uno</strong></span> <span class='ocrx_word' id='word_1_100' title='bbox 636 942 773 1012; x_wconf 89' lang='lat' dir='ltr'><strong>quod</strong></span> <span class='ocrx_word' id='word_1_101' title='bbox 806 940 1064 1014; x_wconf 85' lang='lat' dir='ltr'><strong>proferam</strong></span> <span class='ocrx_word' id='word_1_102' title='bbox 1094 980 1111 1006; x_wconf 83' lang='grc'>,</span> <span class='ocrx_word' id='word_1_103' title='bbox 1150 943 1423 1013; x_wconf 83' lang='lat' dir='ltr'><strong>exempIO,</strong></span> <span class='ocrx_word' id='word_1_104' title='bbox 1457 960 1566 998; x_wconf 86' lang='lat' dir='ltr'><strong>tute</strong></span> <span class='ocrx_word' id='word_1_105' title='bbox 1596 942 1742 997; x_wconf 75' lang='lat' dir='ltr'><strong>facile</strong></span> <span class='ocrx_word' id='word_1_106' title='bbox 1775 981 1793 1009; x_wconf 62' lang='lat'>2</span> <span class='ocrx_word' id='word_1_107' title='bbox 1827 945 1922 998; x_wconf 87' lang='lat' dir='ltr'><strong>Vir</strong></span> <span class='ocrx_word' id='word_1_108' title='bbox 1968 941 2284 1006; x_wconf 79' lang='lat' dir='ltr'><strong>Graviffime‚</strong></span> 
     </span>
     <span class='ocr_line' id='line_1_11' title="bbox 296 1011 620 1067; baseline 0.006 -2"><span class='ocrx_word' id='word_1_109' title='bbox 296 1011 620 1067; x_wconf 85' lang='lat' dir='ltr'><strong>existimabis.</strong></span> 
     </span>
    </p>

    <p class='ocr_par' dir='ltr' id='par_1_2' title="bbox 293 1085 2298 2255">
     <span class='ocr_line' id='line_1_12' title="bbox 366 1085 2293 1162; baseline 0.002 -26"><span class='ocrx_word' id='word_1_110' title='bbox 366 1088 504 1137; x_wconf 88' lang='lat' dir='ltr'><strong>Nam</strong></span> <span class='ocrx_word' id='word_1_111' title='bbox 535 1104 675 1141; x_wconf 88' lang='lat' dir='ltr'><strong>certo</strong></span> <span class='ocrx_word' id='word_1_112' title='bbox 709 1088 904 1140; x_wconf 83' lang='lat' dir='ltr'><strong>cuidam</strong></span> <span class='ocrx_word' id='word_1_113' title='bbox 952 1085 1059 1156; x_wconf 87' lang='lat' dir='ltr'><strong>ejus.</strong></span> <span class='ocrx_word' id='word_1_114' title='bbox 1089 1086 1550 1146; x_wconf 81' lang='lat' dir='ltr'><strong>Animadversionis</strong></span> <span class='ocrx_word' id='word_1_115' title='bbox 1588 1109 1697 1162; x_wconf 82' lang='lat' dir='ltr'><strong>quae</strong></span> <span class='ocrx_word' id='word_1_116' title='bbox 1748 1091 1796 1144; x_wconf 90' lang='lat' dir='ltr'><strong>in</strong></span> <span class='ocrx_word' id='word_1_117' title='bbox 1846 1109 2016 1144; x_wconf 87' lang='lat' dir='ltr'><strong>meam</strong></span> <span class='ocrx_word' id='word_1_118' title='bbox 2049 1090 2153 1142; x_wconf 88' lang='grc' dir='ltr'><strong>ΙΙΙ.</strong></span> <span class='ocrx_word' id='word_1_119' title='bbox 2193 1088 2293 1141; x_wconf 87' lang='lat' dir='ltr'><strong>Ta-</strong></span> 
     </span>
     <span class='ocr_line' id='line_1_13' title="bbox 295 1156 2293 1238; baseline 0.004 -30"><span class='ocrx_word' id='word_1_120' title='bbox 295 1156 464 1210; x_wconf 89' lang='lat' dir='ltr'><strong>bulam</strong></span> <span class='ocrx_word' id='word_1_121' title='bbox 497 1158 564 1212; x_wconf 89' lang='lat' dir='ltr'><strong>est</strong></span> <span class='ocrx_word' id='word_1_122' title='bbox 593 1197 611 1223; x_wconf 76' lang='lat'>,</span> <span class='ocrx_word' id='word_1_123' title='bbox 647 1160 767 1214; x_wconf 86' lang='lat' dir='ltr'><strong>loco</strong></span> <span class='ocrx_word' id='word_1_124' title='bbox 800 1159 820 1226; x_wconf 90' lang='lat'>(</span> <span class='ocrx_word' id='word_1_125' title='bbox 854 1180 953 1214; x_wconf 92' lang='lat' dir='ltr'><strong>non</strong></span> <span class='ocrx_word' id='word_1_126' title='bbox 989 1156 1132 1227; x_wconf 74' lang='lat' dir='ltr'><strong>quod</strong></span> <span class='ocrx_word' id='word_1_127' title='bbox 1180 1181 1356 1216; x_wconf 85' lang='lat' dir='ltr'><strong>eorum</strong></span> <span class='ocrx_word' id='word_1_128' title='bbox 1391 1167 1475 1231; x_wconf 85' lang='lat' dir='ltr'><strong>qui</strong></span> <span class='ocrx_word' id='word_1_129' title='bbox 1529 1184 1610 1218; x_wconf 86' lang='lat' dir='ltr'><strong>me</strong></span> <span class='ocrx_word' id='word_1_130' title='bbox 1657 1164 1818 1238; x_wconf 73' lang='lat' dir='ltr'><strong>probe</strong></span> <span class='ocrx_word' id='word_1_131' title='bbox 1862 1165 2059 1219; x_wconf 83' lang='lat' dir='ltr'><strong>nossent</strong></span> <span class='ocrx_word' id='word_1_132' title='bbox 2089 1201 2103 1227; x_wconf 85' lang='lat'>,</span> <span class='ocrx_word' id='word_1_133' title='bbox 2139 1180 2293 1233; x_wconf 87' lang='lat' dir='ltr'><strong>quen-</strong></span> 
     </span>
     <span class='ocr_line' id='line_1_14' title="bbox 296 1234 2293 1305; baseline 0.003 -22"><span class='ocrx_word' id='word_1_134' title='bbox 296 1246 445 1300; x_wconf 88' lang='lat' dir='ltr'><strong>quam</strong></span> <span class='ocrx_word' id='word_1_135' title='bbox 481 1234 583 1285; x_wconf 89' lang='lat' dir='ltr'><strong>esse</strong></span> <span class='ocrx_word' id='word_1_136' title='bbox 613 1236 986 1305; x_wconf 76' lang='lat' dir='ltr'><strong>putarem,qui</strong></span> <span class='ocrx_word' id='word_1_137' title='bbox 1021 1253 1104 1287; x_wconf 84' lang='lat' dir='ltr'><strong>me</strong></span> <span class='ocrx_word' id='word_1_138' title='bbox 1135 1235 1321 1305; x_wconf 73' lang='lat' dir='ltr'><strong>aliquid</strong></span> <span class='ocrx_word' id='word_1_139' title='bbox 1360 1237 1661 1304; x_wconf 77' lang='lat' dir='ltr'><strong>affirmante,</strong></span> <span class='ocrx_word' id='word_1_140' title='bbox 1705 1241 1916 1292; x_wconf 86' lang='lat' dir='ltr'><strong>aliorum</strong></span> <span class='ocrx_word' id='word_1_141' title='bbox 1951 1237 2293 1304; x_wconf 82' lang='lat' dir='ltr'><strong>testimonium</strong></span> 
     </span>
     <span class='ocr_line' id='line_1_15' title="bbox 294 1307 2294 1384; baseline 0.004 -29"><span class='ocrx_word' id='word_1_142' title='bbox 294 1309 605 1375; x_wconf 54' lang='lat' dir='ltr'><strong>requirerer,</strong></span> <span class='ocrx_word' id='word_1_143' title='bbox 636 1308 716 1361; x_wconf 89' lang='lat' dir='ltr'><strong>sed</strong></span> <span class='ocrx_word' id='word_1_144' title='bbox 749 1326 805 1360; x_wconf 90' lang='lat' dir='ltr'><strong>ut</strong></span> <span class='ocrx_word' id='word_1_145' title='bbox 835 1307 1163 1376; x_wconf 83' lang='lat' dir='ltr'><strong>ignotiffimus</strong></span> <span class='ocrx_word' id='word_1_146' title='bbox 1199 1310 1403 1378; x_wconf 85' lang='lat' dir='ltr'><strong>quisque</strong></span> <span class='ocrx_word' id='word_1_147' title='bbox 1436 1312 1747 1384; x_wconf 82' lang='lat' dir='ltr'><strong>intelligeret</strong></span> <span class='ocrx_word' id='word_1_148' title='bbox 1767 1349 1783 1377; x_wconf 58' lang='lat'>5</span> <span class='ocrx_word' id='word_1_149' title='bbox 1818 1310 1936 1366; x_wconf 88' lang='lat' dir='ltr'><strong>nihil</strong></span> <span class='ocrx_word' id='word_1_150' title='bbox 1969 1314 2019 1365; x_wconf 90' lang='lat' dir='ltr'><strong>in</strong></span> <span class='ocrx_word' id='word_1_151' title='bbox 2052 1313 2176 1362; x_wconf 84' lang='lat' dir='ltr'><strong>meis</strong></span> <span class='ocrx_word' id='word_1_152' title='bbox 2193 1308 2294 1362; x_wconf 84' lang='lat' dir='ltr'><strong>Ta-</strong></span> 
     </span>
     <span class='ocr_line' id='line_1_16' title="bbox 295 1376 2294 1457; baseline 0.003 -27"><span class='ocrx_word' id='word_1_153' title='bbox 295 1376 422 1431; x_wconf 88' lang='lat' dir='ltr'><strong>bulis</strong></span> <span class='ocrx_word' id='word_1_154' title='bbox 460 1379 560 1432; x_wconf 91' lang='lat' dir='ltr'><strong>esse</strong></span> <span class='ocrx_word' id='word_1_155' title='bbox 589 1380 908 1452; x_wconf 84' lang='lat' dir='ltr'><strong>propositum</strong></span> <span class='ocrx_word' id='word_1_156' title='bbox 941 1381 1076 1448; x_wconf 85' lang='lat' dir='ltr'><strong>quod</strong></span> <span class='ocrx_word' id='word_1_157' title='bbox 1107 1380 1208 1453; x_wconf 88' lang='lat' dir='ltr'><strong>ipse</strong></span> <span class='ocrx_word' id='word_1_158' title='bbox 1241 1421 1257 1444; x_wconf 74' lang='lat'>,</span> <span class='ocrx_word' id='word_1_159' title='bbox 1294 1399 1445 1451; x_wconf 85' lang='lat' dir='ltr'><strong>atque</strong></span> <span class='ocrx_word' id='word_1_160' title='bbox 1481 1385 1611 1439; x_wconf 74' lang='lat' dir='ltr'><strong>adeo</strong></span> <span class='ocrx_word' id='word_1_161' title='bbox 1649 1385 1820 1441; x_wconf 65' lang='lat' dir='ltr'><strong>Pistor</strong></span> <span class='ocrx_word' id='word_1_162' title='bbox 1872 1401 2079 1457; x_wconf 79' lang='lat' dir='ltr'><strong>quoque</strong></span> <span class='ocrx_word' id='word_1_163' title='bbox 2121 1383 2294 1453; x_wconf 81' lang='lat' dir='ltr'><strong>reapse</strong></span> 
     </span>
     <span class='ocr_line' id='line_1_17' title="bbox 296 1454 2295 1529; baseline 0.003 -27"><span class='ocrx_word' id='word_1_164' title='bbox 296 1469 398 1504; x_wconf 83' lang='lat' dir='ltr'><strong>non</strong></span> <span class='ocrx_word' id='word_1_165' title='bbox 427 1454 715 1507; x_wconf 84' lang='lat' dir='ltr'><strong>vidissemus</strong></span> <span class='ocrx_word' id='word_1_166' title='bbox 748 1456 769 1522; x_wconf 89' lang='lat'>)</span> <span class='ocrx_word' id='word_1_167' title='bbox 804 1454 987 1526; x_wconf 83' lang='lat' dir='ltr'><strong>Angeli</strong></span> <span class='ocrx_word' id='word_1_168' title='bbox 1024 1455 1287 1508; x_wconf 78' lang='lat' dir='ltr'><strong>Michaelis</strong></span> <span class='ocrx_word' id='word_1_169' title='bbox 1341 1458 1629 1511; x_wconf 84' lang='lat' dir='ltr'><strong>Cavazzoni</strong></span> <span class='ocrx_word' id='word_1_170' title='bbox 1664 1498 1681 1522; x_wconf 80' lang='lat'>,</span> <span class='ocrx_word' id='word_1_171' title='bbox 1721 1476 1821 1529; x_wconf 88' lang='lat' dir='ltr'><strong>quo</strong></span> <span class='ocrx_word' id='word_1_172' title='bbox 1868 1480 1970 1512; x_wconf 84' lang='lat' dir='ltr'><strong>uno</strong></span> <span class='ocrx_word' id='word_1_173' title='bbox 2012 1456 2214 1511; x_wconf 62' lang='lat' dir='ltr'><strong>Pifflore</strong></span> <span class='ocrx_word' id='word_1_174' title='bbox 2245 1459 2295 1507; x_wconf 86' lang='lat' dir='ltr'><strong>in</strong></span> 
     </span>
     <span class='ocr_line' id='line_1_18' title="bbox 294 1523 2296 1593; baseline 0.003 -19"><span class='ocrx_word' id='word_1_175' title='bbox 294 1523 386 1576; x_wconf 88' lang='lat' dir='ltr'><strong>illis</strong></span> <span class='ocrx_word' id='word_1_176' title='bbox 418 1527 588 1579; x_wconf 87' lang='lat' dir='ltr'><strong>iisdem</strong></span> <span class='ocrx_word' id='word_1_177' title='bbox 640 1527 850 1580; x_wconf 84' lang='lat' dir='ltr'><strong>Tabulis</strong></span> <span class='ocrx_word' id='word_1_178' title='bbox 891 1525 1216 1580; x_wconf 88' lang='lat' dir='ltr'><strong>conficiendis</strong></span> <span class='ocrx_word' id='word_1_179' title='bbox 1267 1530 1370 1579; x_wconf 86' lang='lat' dir='ltr'><strong>sum</strong></span> <span class='ocrx_word' id='word_1_180' title='bbox 1413 1533 1524 1581; x_wconf 87' lang='lat' dir='ltr'><strong>usus</strong></span> <span class='ocrx_word' id='word_1_181' title='bbox 1563 1570 1580 1592; x_wconf 70' lang='grc'>,</span> <span class='ocrx_word' id='word_1_182' title='bbox 1617 1530 1836 1582; x_wconf 85' lang='lat' dir='ltr'><strong>hominis</strong></span> <span class='ocrx_word' id='word_1_183' title='bbox 1871 1569 1888 1593; x_wconf 63' lang='lat'><strong>2,</strong></span> <span class='ocrx_word' id='word_1_184' title='bbox 1924 1546 1977 1581; x_wconf 89' lang='lat' dir='ltr'><strong>ut</strong></span> <span class='ocrx_word' id='word_1_185' title='bbox 2025 1533 2211 1581; x_wconf 86' lang='lat' dir='ltr'><strong>summa</strong></span> <span class='ocrx_word' id='word_1_186' title='bbox 2248 1531 2296 1580; x_wconf 88' lang='lat' dir='ltr'><strong>in</strong></span> 
     </span>
     <span class='ocr_line' id='line_1_19' title="bbox 294 1598 2292 1670; baseline 0.002 -22"><span class='ocrx_word' id='word_1_187' title='bbox 294 1598 552 1667; x_wconf 84' lang='lat' dir='ltr'><strong>pingendo</strong></span> <span class='ocrx_word' id='word_1_188' title='bbox 601 1602 775 1667; x_wconf 86' lang='lat' dir='ltr'><strong>peritia</strong></span> <span class='ocrx_word' id='word_1_189' title='bbox 807 1637 822 1662; x_wconf 74' lang='lat'>,</span> <span class='ocrx_word' id='word_1_190' title='bbox 866 1620 920 1652; x_wconf 88' lang='lat' dir='ltr'><strong>ac</strong></span> <span class='ocrx_word' id='word_1_191' title='bbox 951 1598 1207 1668; x_wconf 83' lang='lat' dir='ltr'><strong>diligentia</strong></span> <span class='ocrx_word' id='word_1_192' title='bbox 1237 1637 1254 1662; x_wconf 81' lang='grc'>,</span> <span class='ocrx_word' id='word_1_193' title='bbox 1292 1598 1359 1652; x_wconf 84' lang='lat' dir='ltr'><strong>sic</strong></span> <span class='ocrx_word' id='word_1_194' title='bbox 1408 1604 1609 1669; x_wconf 87' lang='lat' dir='ltr'><strong>antiqua</strong></span> <span class='ocrx_word' id='word_1_195' title='bbox 1651 1603 1735 1661; x_wconf 87' lang='lat' dir='ltr'><strong>illa</strong></span> <span class='ocrx_word' id='word_1_196' title='bbox 1771 1618 1922 1668; x_wconf 86' lang='lat' dir='ltr'><strong>atque</strong></span> <span class='ocrx_word' id='word_1_197' title='bbox 1957 1605 2150 1670; x_wconf 86' lang='lat' dir='ltr'><strong>optima</strong></span> <span class='ocrx_word' id='word_1_198' title='bbox 2188 1601 2292 1652; x_wconf 85' lang='lat' dir='ltr'><strong>fide</strong></span> 
     </span>
     <span class='ocr_line' id='line_1_20' title="bbox 293 1670 2294 1743; baseline 0.001 -21"><span class='ocrx_word' id='word_1_199' title='bbox 293 1670 531 1739; x_wconf 66' lang='lat' dir='ltr'><strong>i‘perPrati7</strong></span> <span class='ocrx_word' id='word_1_200' title='bbox 574 1671 1048 1732; x_wconf 65' lang='lat' dir='ltr'><strong>luculentiffimum‚</strong></span> <span class='ocrx_word' id='word_1_201' title='bbox 1086 1672 1223 1739; x_wconf 87' lang='lat' dir='ltr'><strong>quod</strong></span> <span class='ocrx_word' id='word_1_202' title='bbox 1264 1673 1457 1724; x_wconf 86' lang='lat' dir='ltr'><strong>asservo</strong></span> <span class='ocrx_word' id='word_1_203' title='bbox 1486 1710 1502 1734; x_wconf 68' lang='lat' dir='ltr'>a</span> <span class='ocrx_word' id='word_1_204' title='bbox 1543 1670 1884 1725; x_wconf 84' lang='lat' dir='ltr'><strong>testimonium</strong></span> <span class='ocrx_word' id='word_1_205' title='bbox 1923 1671 2250 1743; x_wconf 81' lang='lat' dir='ltr'><strong>opponebam</strong></span> <span class='ocrx_word' id='word_1_206' title='bbox 2276 1710 2294 1736; x_wconf 81' lang='lat'>‚</span> 
     </span>
     <span class='ocr_line' id='line_1_21' title="bbox 297 1742 2290 1815; baseline 0.002 -21"><span class='ocrx_word' id='word_1_207' title='bbox 297 1747 376 1795; x_wconf 90' lang='lat' dir='ltr'><strong>cui</strong></span> <span class='ocrx_word' id='word_1_208' title='bbox 406 1744 665 1795; x_wconf 85' lang='lat' dir='ltr'><strong>scribendo</strong></span> <span class='ocrx_word' id='word_1_209' title='bbox 695 1742 946 1796; x_wconf 83' lang='lat' dir='ltr'><strong>affuerunt</strong></span> <span class='ocrx_word' id='word_1_210' title='bbox 978 1743 1088 1794; x_wconf 88' lang='lat' dir='ltr'><strong>Viri</strong></span> <span class='ocrx_word' id='word_1_211' title='bbox 1118 1745 1222 1814; x_wconf 89' lang='lat' dir='ltr'><strong>pari</strong></span> <span class='ocrx_word' id='word_1_212' title='bbox 1271 1743 1375 1796; x_wconf 83' lang='lat' dir='ltr'><strong>fide</strong></span> <span class='ocrx_word' id='word_1_213' title='bbox 1413 1745 1698 1797; x_wconf 69' lang='lat' dir='ltr'><strong>ornatissimi</strong></span> <span class='ocrx_word' id='word_1_214' title='bbox 1736 1746 1821 1815; x_wconf 86' lang='lat' dir='ltr'><strong>J0.</strong></span> <span class='ocrx_word' id='word_1_215' title='bbox 1858 1747 2113 1798; x_wconf 84' lang='lat' dir='ltr'><strong>Antonius</strong></span> <span class='ocrx_word' id='word_1_216' title='bbox 2154 1750 2290 1800; x_wconf 83' lang='lat' dir='ltr'><strong>Stan-</strong></span> 
     </span>
     <span class='ocr_line' id='line_1_22' title="bbox 297 1817 2292 1890; baseline 0.001 -23"><span class='ocrx_word' id='word_1_217' title='bbox 297 1819 455 1869; x_wconf 88' lang='lat' dir='ltr'><strong>carius</strong></span> <span class='ocrx_word' id='word_1_218' title='bbox 483 1817 581 1871; x_wconf 86' lang='lat' dir='ltr'><strong>Rei</strong></span> <span class='ocrx_word' id='word_1_219' title='bbox 612 1818 861 1878; x_wconf 70' lang='lat' dir='ltr'><strong>Medicae,</strong></span> <span class='ocrx_word' id='word_1_220' title='bbox 880 1833 1030 1883; x_wconf 87' lang='lat' dir='ltr'><strong>atque</strong></span> <span class='ocrx_word' id='word_1_221' title='bbox 1047 1817 1359 1874; x_wconf 82' lang='lat' dir='ltr'><strong>Anatomicae</strong></span> <span class='ocrx_word' id='word_1_222' title='bbox 1392 1817 1646 1870; x_wconf 84' lang='lat' dir='ltr'><strong>Professor</strong></span> <span class='ocrx_word' id='word_1_223' title='bbox 1689 1818 1820 1890; x_wconf 87' lang='lat' dir='ltr'><strong>apud</strong></span> <span class='ocrx_word' id='word_1_224' title='bbox 1851 1819 2219 1881; x_wconf 77' lang='lat' dir='ltr'><strong>Bononienses,</strong></span> <span class='ocrx_word' id='word_1_225' title='bbox 2239 1822 2292 1870; x_wconf 89' lang='lat' dir='ltr'><strong>in</strong></span> 
     </span>
     <span class='ocr_line' id='line_1_23' title="bbox 297 1887 2293 1963; baseline 0.002 -23"><span class='ocrx_word' id='word_1_226' title='bbox 297 1891 469 1958; x_wconf 88' lang='lat' dir='ltr'><strong>primis</strong></span> <span class='ocrx_word' id='word_1_227' title='bbox 503 1888 697 1953; x_wconf 75' lang='lat' dir='ltr'><strong>claruS,</strong></span> <span class='ocrx_word' id='word_1_228' title='bbox 736 1890 787 1946; x_wconf 55' lang='grc' dir='ltr'>ἃ</span> <span class='ocrx_word' id='word_1_229' title='bbox 819 1891 1092 1943; x_wconf 82' lang='lat' dir='ltr'><strong>Franciscus</strong></span> <span class='ocrx_word' id='word_1_230' title='bbox 1123 1892 1198 1943; x_wconf 83' lang='lat' dir='ltr'><strong>M.</strong></span> <span class='ocrx_word' id='word_1_231' title='bbox 1227 1887 1508 1953; x_wconf 76' lang='lat' dir='ltr'><strong>ZanottuS‚</strong></span> <span class='ocrx_word' id='word_1_232' title='bbox 1552 1893 1635 1961; x_wconf 83' lang='lat' dir='ltr'><strong>qui</strong></span> <span class='ocrx_word' id='word_1_233' title='bbox 1667 1893 1797 1963; x_wconf 90' lang='lat' dir='ltr'><strong>apud</strong></span> <span class='ocrx_word' id='word_1_234' title='bbox 1835 1893 2037 1945; x_wconf 86' lang='lat' dir='ltr'><strong>eosdem</strong></span> <span class='ocrx_word' id='word_1_235' title='bbox 2072 1890 2293 1944; x_wconf 87' lang='lat' dir='ltr'><strong>Philoso-</strong></span> 
     </span>
     <span class='ocr_line' id='line_1_24' title="bbox 298 1960 2293 2034; baseline 0.001 -21"><span class='ocrx_word' id='word_1_236' title='bbox 298 1960 467 2031; x_wconf 82' lang='lat' dir='ltr'><strong>phiam</strong></span> <span class='ocrx_word' id='word_1_237' title='bbox 498 1964 802 2034; x_wconf 77' lang='lat' dir='ltr'><strong>profitetur,</strong></span> <span class='ocrx_word' id='word_1_238' title='bbox 838 1982 942 2016; x_wconf 90' lang='lat' dir='ltr'><strong>non</strong></span> <span class='ocrx_word' id='word_1_239' title='bbox 976 1961 1122 2029; x_wconf 83' lang='lat' dir='ltr'><strong>hujus</strong></span> <span class='ocrx_word' id='word_1_240' title='bbox 1158 1963 1353 2027; x_wconf 67' lang='lat' dir='ltr'><strong>modo,</strong></span> <span class='ocrx_word' id='word_1_241' title='bbox 1390 1965 1471 2017; x_wconf 88' lang='lat' dir='ltr'><strong>sed</strong></span> <span class='ocrx_word' id='word_1_242' title='bbox 1506 1963 1833 2034; x_wconf 84' lang='lat' dir='ltr'><strong>pulcherrimi</strong></span> <span class='ocrx_word' id='word_1_243' title='bbox 1872 1965 2105 2034; x_wconf 86' lang='lat' dir='ltr'><strong>cujusque</strong></span> <span class='ocrx_word' id='word_1_244' title='bbox 2151 1963 2293 2018; x_wconf 85' lang='lat' dir='ltr'><strong>studii</strong></span> 
     </span>
     <span class='ocr_line' id='line_1_25' title="bbox 296 2033 2297 2107; baseline 0 -18"><span class='ocrx_word' id='word_1_245' title='bbox 296 2037 445 2089; x_wconf 89' lang='lat' dir='ltr'><strong>laude</strong></span> <span class='ocrx_word' id='word_1_246' title='bbox 477 2036 556 2089; x_wconf 89' lang='lat' dir='ltr'><strong>vel</strong></span> <span class='ocrx_word' id='word_1_247' title='bbox 589 2038 732 2107; x_wconf 87' lang='lat' dir='ltr'><strong>supra</strong></span> <span class='ocrx_word' id='word_1_248' title='bbox 764 2053 960 2089; x_wconf 80' lang='lat' dir='ltr'><strong>aetatem</strong></span> <span class='ocrx_word' id='word_1_249' title='bbox 993 2033 1366 2089; x_wconf 69' lang='lat' dir='ltr'><strong>florentissimus</strong></span> <span class='ocrx_word' id='word_1_250' title='bbox 1398 2075 1414 2100; x_wconf 75' lang='lat'>‚</span> <span class='ocrx_word' id='word_1_251' title='bbox 1453 2039 1502 2090; x_wconf 91' lang='lat' dir='ltr'><strong>in</strong></span> <span class='ocrx_word' id='word_1_252' title='bbox 1535 2054 1636 2106; x_wconf 84' lang='lat' dir='ltr'><strong>quo</strong></span> <span class='ocrx_word' id='word_1_253' title='bbox 1683 2037 1964 2092; x_wconf 84' lang='lat' dir='ltr'><strong>testimonio</strong></span> <span class='ocrx_word' id='word_1_254' title='bbox 1997 2038 2172 2091; x_wconf 71' lang='lat' dir='ltr'><strong>diserte</strong></span> <span class='ocrx_word' id='word_1_255' title='bbox 2213 2056 2297 2090; x_wconf 91' lang='lat' dir='ltr'><strong>ne-</strong></span> 
     </span>
     <span class='ocr_line' id='line_1_26' title="bbox 297 2108 2298 2181; baseline 0.002 -21"><span class='ocrx_word' id='word_1_256' title='bbox 297 2125 386 2179; x_wconf 83' lang='lat' dir='ltr'><strong>gat</strong></span> <span class='ocrx_word' id='word_1_257' title='bbox 419 2109 784 2175; x_wconf 76' lang='lat' dir='ltr'><strong>Cavazzonus‚</strong></span> <span class='ocrx_word' id='word_1_258' title='bbox 824 2112 872 2162; x_wconf 87' lang='lat' dir='ltr'><strong>se</strong></span> <span class='ocrx_word' id='word_1_259' title='bbox 904 2110 1177 2179; x_wconf 80' lang='lat' dir='ltr'><strong>quidquam</strong></span> <span class='ocrx_word' id='word_1_260' title='bbox 1211 2108 1332 2163; x_wconf 87' lang='lat' dir='ltr'><strong>mihi</strong></span> <span class='ocrx_word' id='word_1_261' title='bbox 1370 2111 1577 2181; x_wconf 82' lang='lat' dir='ltr'><strong>pinxisse</strong></span> <span class='ocrx_word' id='word_1_262' title='bbox 1610 2113 1749 2180; x_wconf 87' lang='lat' dir='ltr'><strong>quod</strong></span> <span class='ocrx_word' id='word_1_263' title='bbox 1785 2131 1847 2165; x_wconf 89' lang='lat' dir='ltr'><strong>ex</strong></span> <span class='ocrx_word' id='word_1_264' title='bbox 1877 2131 2001 2165; x_wconf 88' lang='lat' dir='ltr'><strong>vero</strong></span> <span class='ocrx_word' id='word_1_265' title='bbox 2039 2128 2136 2181; x_wconf 85' lang='lat' dir='ltr'><strong>qua</strong></span> <span class='ocrx_word' id='word_1_266' title='bbox 2173 2111 2298 2164; x_wconf 89' lang='lat' dir='ltr'><strong>sum-</strong></span> 
     </span>
     <span class='ocr_line' id='line_1_27' title="bbox 297 2181 1746 2255; baseline 0.001 -20"><span class='ocrx_word' id='word_1_267' title='bbox 297 2201 378 2236; x_wconf 85' lang='lat' dir='ltr'><strong>ma</strong></span> <span class='ocrx_word' id='word_1_268' title='bbox 415 2187 581 2252; x_wconf 76' lang='lat' dir='ltr'><strong>potuit</strong></span> <span class='ocrx_word' id='word_1_269' title='bbox 613 2183 903 2254; x_wconf 73' lang='lat' dir='ltr'><strong>diligentia,</strong></span> <span class='ocrx_word' id='word_1_270' title='bbox 942 2181 1240 2238; x_wconf 64' lang='lat' dir='ltr'><strong>exastiffiine</strong></span> <span class='ocrx_word' id='word_1_271' title='bbox 1276 2202 1378 2237; x_wconf 88' lang='lat' dir='ltr'><strong>non</strong></span> <span class='ocrx_word' id='word_1_272' title='bbox 1410 2186 1746 2255; x_wconf 85' lang='lat' dir='ltr'><strong>descripserit.</strong></span> 
     </span>
    </p>

    <p class='ocr_par' dir='ltr' id='par_1_3' title="bbox 292 2254 2296 3278">
     <span class='ocr_line' id='line_1_28' title="bbox 373 2254 2296 2328; baseline 0 -19"><span class='ocrx_word' id='word_1_273' title='bbox 373 2254 509 2309; x_wconf 70' lang='lat' dir='ltr'><strong>Cum</strong></span> <span class='ocrx_word' id='word_1_274' title='bbox 542 2275 667 2328; x_wconf 86' lang='lat' dir='ltr'><strong>ergo</strong></span> <span class='ocrx_word' id='word_1_275' title='bbox 701 2255 824 2309; x_wconf 84' lang='lat' dir='ltr'><strong>mihi</strong></span> <span class='ocrx_word' id='word_1_276' title='bbox 856 2257 966 2308; x_wconf 84' lang='lat' dir='ltr'><strong>satis</strong></span> <span class='ocrx_word' id='word_1_277' title='bbox 1000 2256 1203 2325; x_wconf 85' lang='lat' dir='ltr'><strong>quidem</strong></span> <span class='ocrx_word' id='word_1_278' title='bbox 1257 2260 1304 2309; x_wconf 92' lang='lat' dir='ltr'><strong>in</strong></span> <span class='ocrx_word' id='word_1_279' title='bbox 1343 2256 1440 2324; x_wconf 76' lang='lat' dir='ltr'><strong>jam</strong></span> <span class='ocrx_word' id='word_1_280' title='bbox 1488 2259 1635 2309; x_wconf 85' lang='lat' dir='ltr'><strong>editis</strong></span> <span class='ocrx_word' id='word_1_281' title='bbox 1671 2258 1977 2311; x_wconf 83' lang='lat' dir='ltr'><strong>Adversariis</strong></span> <span class='ocrx_word' id='word_1_282' title='bbox 2032 2255 2296 2321; x_wconf 52' lang='lat' dir='ltr'><strong>fecissem3</strong></span> 
     </span>
     <span class='ocr_line' id='line_1_29' title="bbox 292 2325 2294 2401; baseline 0.002 -23"><span class='ocrx_word' id='word_1_283' title='bbox 292 2325 373 2379; x_wconf 90' lang='lat' dir='ltr'><strong>sed</strong></span> <span class='ocrx_word' id='word_1_284' title='bbox 405 2330 454 2380; x_wconf 88' lang='lat' dir='ltr'><strong>in</strong></span> <span class='ocrx_word' id='word_1_285' title='bbox 485 2347 549 2382; x_wconf 90' lang='lat' dir='ltr'><strong>eo</strong></span> <span class='ocrx_word' id='word_1_286' title='bbox 581 2348 708 2382; x_wconf 82' lang='lat' dir='ltr'><strong>nunc</strong></span> <span class='ocrx_word' id='word_1_287' title='bbox 741 2331 931 2392; x_wconf 67' lang='lat' dir='ltr'><strong>essem„</strong></span> <span class='ocrx_word' id='word_1_288' title='bbox 963 2344 1019 2380; x_wconf 90' lang='lat' dir='ltr'><strong>ut</strong></span> <span class='ocrx_word' id='word_1_289' title='bbox 1054 2329 1189 2396; x_wconf 88' lang='lat' dir='ltr'><strong>quod</strong></span> <span class='ocrx_word' id='word_1_290' title='bbox 1224 2332 1272 2380; x_wconf 91' lang='lat' dir='ltr'><strong>in</strong></span> <span class='ocrx_word' id='word_1_291' title='bbox 1305 2329 1400 2380; x_wconf 86' lang='lat' dir='ltr'><strong>illis</strong></span> <span class='ocrx_word' id='word_1_292' title='bbox 1435 2334 1747 2399; x_wconf 72' lang='lat' dir='ltr'><strong>generatim,</strong></span> <span class='ocrx_word' id='word_1_293' title='bbox 1782 2334 1830 2384; x_wconf 88' lang='lat' dir='ltr'><strong>in</strong></span> <span class='ocrx_word' id='word_1_294' title='bbox 1864 2330 1938 2383; x_wconf 91' lang='lat' dir='ltr'><strong>his</strong></span> <span class='ocrx_word' id='word_1_295' title='bbox 1969 2333 2208 2401; x_wconf 86' lang='lat' dir='ltr'><strong>proximis</strong></span> <span class='ocrx_word' id='word_1_296' title='bbox 2240 2329 2294 2382; x_wconf 77' lang='lat' dir='ltr'><strong>fi.</strong></span> 
     </span>
     <span class='ocr_line' id='line_1_30' title="bbox 294 2398 2294 2473; baseline 0.002 -22"><span class='ocrx_word' id='word_1_297' title='bbox 294 2398 503 2470; x_wconf 82' lang='lat' dir='ltr'><strong>gillatim</strong></span> <span class='ocrx_word' id='word_1_298' title='bbox 536 2401 818 2470; x_wconf 76' lang='lat' dir='ltr'><strong>efficerem3</strong></span> <span class='ocrx_word' id='word_1_299' title='bbox 858 2420 977 2453; x_wconf 88' lang='lat' dir='ltr'><strong>ecce</strong></span> <span class='ocrx_word' id='word_1_300' title='bbox 1010 2400 1138 2453; x_wconf 86' lang='lat' dir='ltr'><strong>Tuae</strong></span> <span class='ocrx_word' id='word_1_301' title='bbox 1161 2439 1177 2464; x_wconf 79' lang='lat'>‚</span> <span class='ocrx_word' id='word_1_302' title='bbox 1215 2402 1266 2456; x_wconf 64' lang='grc' dir='ltr'>ἃ</span> <span class='ocrx_word' id='word_1_303' title='bbox 1305 2402 1388 2455; x_wconf 88' lang='lat' dir='ltr'><strong>Cl.</strong></span> <span class='ocrx_word' id='word_1_304' title='bbox 1424 2402 1600 2455; x_wconf 84' lang='lat' dir='ltr'><strong>Blanci</strong></span> <span class='ocrx_word' id='word_1_305' title='bbox 1632 2404 1870 2468; x_wconf 75' lang='lat' dir='ltr'><strong>Litterae,</strong></span> <span class='ocrx_word' id='word_1_306' title='bbox 1897 2407 1946 2456; x_wconf 87' lang='lat' dir='ltr'><strong>in</strong></span> <span class='ocrx_word' id='word_1_307' title='bbox 1977 2403 2155 2473; x_wconf 87' lang='lat' dir='ltr'><strong>quibus</strong></span> <span class='ocrx_word' id='word_1_308' title='bbox 2186 2400 2294 2455; x_wconf 88' lang='lat' dir='ltr'><strong>istas</strong></span> 
     </span>
     <span class='ocr_line' id='line_1_31' title="bbox 296 2471 2288 2547; baseline 0.002 -24"><span class='ocrx_word' id='word_1_309' title='bbox 296 2473 422 2541; x_wconf 83' lang='lat' dir='ltr'><strong>ipsas</strong></span> <span class='ocrx_word' id='word_1_310' title='bbox 451 2472 673 2543; x_wconf 68' lang='lat' dir='ltr'><strong>loquendi</strong></span> <span class='ocrx_word' id='word_1_311' title='bbox 693 2475 974 2545; x_wconf 71' lang='lat' dir='ltr'><strong>fhrmulas,</strong></span> <span class='ocrx_word' id='word_1_312' title='bbox 1012 2471 1194 2545; x_wconf 75' lang='lat' dir='ltr'><strong>easque</strong></span> <span class='ocrx_word' id='word_1_313' title='bbox 1210 2471 1478 2545; x_wconf 62' lang='lat' dir='ltr'><strong>prasertim</strong></span> <span class='ocrx_word' id='word_1_314' title='bbox 1509 2514 1527 2540; x_wconf 74' lang='lat'>,</span> <span class='ocrx_word' id='word_1_315' title='bbox 1567 2493 1662 2546; x_wconf 56' lang='lat' dir='ltr'><strong>quie</strong></span> <span class='ocrx_word' id='word_1_316' title='bbox 1694 2480 1747 2527; x_wconf 73' lang='lat' dir='ltr'><strong>in</strong></span> <span class='ocrx_word' id='word_1_317' title='bbox 1778 2474 2001 2547; x_wconf 74' lang='lat' dir='ltr'><strong>pluribus</strong></span> <span class='ocrx_word' id='word_1_318' title='bbox 2033 2477 2148 2528; x_wconf 77' lang='lat' dir='ltr'><strong>lacis</strong></span> <span class='ocrx_word' id='word_1_319' title='bbox 2184 2480 2288 2545; x_wconf 76' lang='lat' dir='ltr'><strong>ejus</strong></span> 
     </span>
     <span class='ocr_line' id='line_1_32' title="bbox 292 2545 2294 2621; baseline 0.003 -27"><span class='ocrx_word' id='word_1_320' title='bbox 292 2545 722 2610; x_wconf 72' lang='lat' dir='ltr'><strong>animadverffom&#39;s</strong></span> <span class='ocrx_word' id='word_1_321' title='bbox 774 2561 1055 2610; x_wconf 74' lang='lat' dir='ltr'><strong>occurrunt,</strong></span> <span class='ocrx_word' id='word_1_322' title='bbox 1091 2563 1233 2616; x_wconf 66' lang='lat' dir='ltr'><strong>qnam·</strong></span> <span class='ocrx_word' id='word_1_323' title='bbox 1261 2552 1317 2599; x_wconf 72' lang='lat' dir='ltr'><strong>in</strong></span> <span class='ocrx_word' id='word_1_324' title='bbox 1355 2556 1383 2598; x_wconf 92' lang='lat' dir='ltr'><em>I</em></span> <span class='ocrx_word' id='word_1_325' title='bbox 1401 2555 1496 2601; x_wconf 90' lang='lat' dir='ltr'><strong>II.</strong></span> <span class='ocrx_word' id='word_1_326' title='bbox 1537 2568 1703 2602; x_wconf 87' lang='lat' dir='ltr'><strong>meam</strong></span> <span class='ocrx_word' id='word_1_327' title='bbox 1734 2546 1974 2601; x_wconf 73' lang='lat' dir='ltr'><strong>Tabulam</strong></span> <span class='ocrx_word' id='word_1_328' title='bbox 2008 2547 2236 2621; x_wconf 74' lang='lat' dir='ltr'><strong>scripstt‚</strong></span> <span class='ocrx_word' id='word_1_329' title='bbox 2274 2583 2294 2595; x_wconf 74' lang='lat'><strong>.-</strong></span> 
     </span>
     <span class='ocr_line' id='line_1_33' title="bbox 292 2616 2292 2696; baseline 0.001 -26"><span class='ocrx_word' id='word_1_330' title='bbox 292 2634 445 2689; x_wconf 70' lang='lat' dir='ltr'><strong>neque</strong></span> <span class='ocrx_word' id='word_1_331' title='bbox 474 2616 598 2670; x_wconf 59' lang='lat' dir='ltr'><strong>mihi</strong></span> <span class='ocrx_word' id='word_1_332' title='bbox 631 2618 850 2684; x_wconf 68' lang='lat' dir='ltr'><strong>debitas,</strong></span> <span class='ocrx_word' id='word_1_333' title='bbox 888 2637 1036 2691; x_wconf 63' lang='lat' dir='ltr'><strong>raeque</strong></span> <span class='ocrx_word' id='word_1_334' title='bbox 1071 2618 1201 2688; x_wconf 54' lang='lat' dir='ltr'><strong>fitne</strong></span> <span class='ocrx_word' id='word_1_335' title='bbox 1249 2639 1279 2670; x_wconf 82' lang='lat' dir='ltr'><strong>a</strong></span> <span class='ocrx_word' id='word_1_336' title='bbox 1307 2619 1374 2690; x_wconf 56' lang='grc' dir='ltr'><strong>β’</strong></span> <span class='ocrx_word' id='word_1_337' title='bbox 1427 2618 1545 2673; x_wconf 80' lang='lat' dir='ltr'><strong>bene</strong></span> <span class='ocrx_word' id='word_1_338' title='bbox 1593 2620 1974 2692; x_wconf 71' lang='lat' dir='ltr'><strong>animadverfhs</strong></span> <span class='ocrx_word' id='word_1_339' title='bbox 2003 2648 2016 2692; x_wconf 74' lang='lat'><strong>&#39;⁷</strong></span> <span class='ocrx_word' id='word_1_340' title='bbox 2055 2626 2292 2696; x_wconf 73' lang='lat' dir='ltr'><strong>multoque</strong></span> 
     </span>
     <span class='ocr_line' id='line_1_34' title="bbox 293 2690 2294 2764; baseline 0.002 -22"><span class='ocrx_word' id='word_1_341' title='bbox 293 2690 461 2742; x_wconf 57' lang='lat' dir='ltr'><strong>mimis</strong></span> <span class='ocrx_word' id='word_1_342' title='bbox 494 2692 698 2744; x_wconf 65' lang='lat' dir='ltr'><strong>laedendz&#39;</strong></span> <span class='ocrx_word' id='word_1_343' title='bbox 732 2696 889 2746; x_wconf 77' lang='lat' dir='ltr'><strong>animo</strong></span> <span class='ocrx_word' id='word_1_344' title='bbox 925 2690 1171 2745; x_wconf 54' lang='lat' dir='ltr'><strong>adhibitas</strong></span> <span class='ocrx_word' id='word_1_345' title='bbox 1202 2696 1339 2762; x_wconf 77' lang='lat' dir='ltr'><strong>esse3</strong></span> <span class='ocrx_word' id='word_1_346' title='bbox 1381 2694 1604 2764; x_wconf 66' lang='lat' dir='ltr'><strong>ideoque</strong></span> <span class='ocrx_word' id='word_1_347' title='bbox 1640 2695 1779 2764; x_wconf 69' lang='lat' dir='ltr'><strong>quod</strong></span> <span class='ocrx_word' id='word_1_348' title='bbox 1819 2698 1964 2750; x_wconf 87' lang='lat' dir='ltr'><strong>editae</strong></span> <span class='ocrx_word' id='word_1_349' title='bbox 1995 2698 2211 2760; x_wconf 73' lang='lat' dir='ltr'><strong>fuerint,</strong></span> <span class='ocrx_word' id='word_1_350' title='bbox 2246 2697 2294 2747; x_wconf 88' lang='lat' dir='ltr'><strong>se</strong></span> 
     </span>
     <span class='ocr_line' id='line_1_35' title="bbox 298 2764 2294 2838; baseline 0.001 -24"><span class='ocrx_word' id='word_1_351' title='bbox 298 2768 541 2835; x_wconf 45' lang='lat' dir='ltr'><strong>‘egerrime</strong></span> <span class='ocrx_word' id='word_1_352' title='bbox 571 2764 761 2836; x_wconf 67' lang='lat' dir='ltr'><strong>tulisse,</strong></span> <span class='ocrx_word' id='word_1_353' title='bbox 782 2767 1054 2820; x_wconf 74' lang='lat' dir='ltr'><strong>confitetur</strong></span> <span class='ocrx_word' id='word_1_354' title='bbox 1073 2807 1085 2820; x_wconf 91' lang='lat'><strong>.</strong></span> <span class='ocrx_word' id='word_1_355' title='bbox 1118 2769 1267 2821; x_wconf 81' lang='lat' dir='ltr'><strong>Hanc</strong></span> <span class='ocrx_word' id='word_1_356' title='bbox 1301 2767 1669 2833; x_wconf 85' lang='lat' dir='ltr'><strong>confessionem</strong></span> <span class='ocrx_word' id='word_1_357' title='bbox 1691 2808 1708 2833; x_wconf 66' lang='lat' dir='ltr'>a</span> <span class='ocrx_word' id='word_1_358' title='bbox 1728 2786 1878 2837; x_wconf 82' lang='lat' dir='ltr'><strong>quam</strong></span> <span class='ocrx_word' id='word_1_359' title='bbox 1911 2773 1991 2823; x_wconf 85' lang='lat' dir='ltr'><strong>sua</strong></span> <span class='ocrx_word' id='word_1_360' title='bbox 2024 2770 2124 2838; x_wconf 87' lang='lat' dir='ltr'><strong>ipse</strong></span> <span class='ocrx_word' id='word_1_361' title='bbox 2153 2770 2294 2833; x_wconf 81' lang='lat' dir='ltr'><strong>spon.</strong></span> 
     </span>
     <span class='ocr_line' id='line_1_36' title="bbox 298 2838 2289 2910; baseline 0.002 -22"><span class='ocrx_word' id='word_1_362' title='bbox 298 2856 348 2890; x_wconf 85' lang='lat' dir='ltr'><strong>te</strong></span> <span class='ocrx_word' id='word_1_363' title='bbox 381 2838 432 2892; x_wconf 69' lang='grc' dir='ltr'><strong>δε</strong></span> <span class='ocrx_word' id='word_1_364' title='bbox 462 2840 722 2891; x_wconf 67' lang='lat' dir='ltr'><strong>voluntate</strong></span> <span class='ocrx_word' id='word_1_365' title='bbox 755 2842 948 2907; x_wconf 86' lang='lat' dir='ltr'><strong>insuper</strong></span> <span class='ocrx_word' id='word_1_366' title='bbox 983 2841 1150 2901; x_wconf 76' lang='lat' dir='ltr'><strong>addit,</strong></span> <span class='ocrx_word' id='word_1_367' title='bbox 1171 2860 1227 2893; x_wconf 90' lang='lat' dir='ltr'><strong>ac</strong></span> <span class='ocrx_word' id='word_1_368' title='bbox 1261 2846 1387 2909; x_wconf 65' lang='lat' dir='ltr'><strong>typis</strong></span> <span class='ocrx_word' id='word_1_369' title='bbox 1421 2846 1571 2889; x_wconf 77' lang='lat' dir='ltr'><strong>etiam</strong></span> <span class='ocrx_word' id='word_1_370' title='bbox 1601 2841 1906 2910; x_wconf 73' lang='lat' dir='ltr'><strong>vulgandam</strong></span> <span class='ocrx_word' id='word_1_371' title='bbox 1937 2840 2289 2909; x_wconf 62' lang='lat' dir='ltr'><strong>permittit2et</strong></span> 
     </span>
     <span class='ocr_line' id='line_1_37' title="bbox 299 2910 2287 2981; baseline 0.001 -19"><span class='ocrx_word' id='word_1_372' title='bbox 299 2926 451 2977; x_wconf 87' lang='lat' dir='ltr'><strong>quam</strong></span> <span class='ocrx_word' id='word_1_373' title='bbox 482 2911 600 2975; x_wconf 61' lang='lat' dir='ltr'><strong>Tu„</strong></span> <span class='ocrx_word' id='word_1_374' title='bbox 637 2913 816 2963; x_wconf 76' lang='lat' dir='ltr'><strong>Praesul</strong></span> <span class='ocrx_word' id='word_1_375' title='bbox 867 2910 1180 2964; x_wconf 71' lang='lat' dir='ltr'><strong>‘illustrissime</strong></span> <span class='ocrx_word' id='word_1_376' title='bbox 1207 2949 1225 2975; x_wconf 80' lang='lat'>,</span> <span class='ocrx_word' id='word_1_377' title='bbox 1263 2929 1367 2966; x_wconf 86' lang='lat' dir='ltr'><strong>tam</strong></span> <span class='ocrx_word' id='word_1_378' title='bbox 1407 2911 1661 2981; x_wconf 73' lang='lat' dir='ltr'><strong>benigne,</strong></span> <span class='ocrx_word' id='word_1_379' title='bbox 1699 2930 1758 2962; x_wconf 90' lang='lat' dir='ltr'><strong>ac</strong></span> <span class='ocrx_word' id='word_1_380' title='bbox 1796 2911 2068 2964; x_wconf 87' lang='lat' dir='ltr'><strong>liberaliter</strong></span> <span class='ocrx_word' id='word_1_381' title='bbox 2104 2911 2166 2963; x_wconf 88' lang='lat' dir='ltr'><strong>ad</strong></span> <span class='ocrx_word' id='word_1_382' title='bbox 2203 2930 2287 2964; x_wconf 87' lang='lat' dir='ltr'><strong>me</strong></span> 
     </span>
     <span class='ocr_line' id='line_1_38' title="bbox 301 2981 2288 3055; baseline 0.002 -21"><span class='ocrx_word' id='word_1_383' title='bbox 301 2982 495 3046; x_wconf 68' lang='lat' dir='ltr'><strong>desem,</strong></span> <span class='ocrx_word' id='word_1_384' title='bbox 531 2983 613 3037; x_wconf 86' lang='lat' dir='ltr'><strong>vel</strong></span> <span class='ocrx_word' id='word_1_385' title='bbox 648 3000 706 3036; x_wconf 87' lang='lat' dir='ltr'><strong>ut</strong></span> <span class='ocrx_word' id='word_1_386' title='bbox 736 2981 825 3053; x_wconf 82' lang='lat' dir='ltr'><strong>ipsi</strong></span> <span class='ocrx_word' id='word_1_387' title='bbox 873 2999 1072 3050; x_wconf 81' lang='lat' dir='ltr'><strong>gratum</strong></span> <span class='ocrx_word' id='word_1_388' title='bbox 1124 2983 1337 3049; x_wconf 72' lang='lat' dir='ltr'><strong>faciam,</strong></span> <span class='ocrx_word' id='word_1_389' title='bbox 1371 2985 1451 3037; x_wconf 90' lang='lat' dir='ltr'><strong>vel</strong></span> <span class='ocrx_word' id='word_1_390' title='bbox 1492 3000 1547 3037; x_wconf 87' lang='lat' dir='ltr'><strong>ut</strong></span> <span class='ocrx_word' id='word_1_391' title='bbox 1598 2998 1781 3037; x_wconf 81' lang='lat' dir='ltr'><strong>naturae</strong></span> <span class='ocrx_word' id='word_1_392' title='bbox 1829 2987 2134 3055; x_wconf 87' lang='lat' dir='ltr'><strong>ingenioque</strong></span> <span class='ocrx_word' id='word_1_393' title='bbox 2169 3002 2288 3037; x_wconf 88' lang='lat' dir='ltr'><strong>meo</strong></span> 
     </span>
     <span class='ocr_line' id='line_1_39' title="bbox 299 3055 2290 3128; baseline 0.001 -21"><span class='ocrx_word' id='word_1_394' title='bbox 299 3056 593 3126; x_wconf 74' lang='lat' dir='ltr'><strong>indulgeam</strong></span> <span class='ocrx_word' id='word_1_395' title='bbox 612 3096 628 3120; x_wconf 78' lang='lat'>‚</span> <span class='ocrx_word' id='word_1_396' title='bbox 661 3057 740 3108; x_wconf 82' lang='lat' dir='ltr'><strong>vel</strong></span> <span class='ocrx_word' id='word_1_397' title='bbox 771 3072 826 3107; x_wconf 85' lang='lat' dir='ltr'><strong>ut</strong></span> <span class='ocrx_word' id='word_1_398' title='bbox 848 3055 1004 3119; x_wconf 76' lang='lat' dir='ltr'><strong>Tibi,</strong></span> <span class='ocrx_word' id='word_1_399' title='bbox 1023 3056 1156 3126; x_wconf 85' lang='lat' dir='ltr'><strong>quod</strong></span> <span class='ocrx_word' id='word_1_400' title='bbox 1191 3075 1340 3128; x_wconf 89' lang='lat' dir='ltr'><strong>caput</strong></span> <span class='ocrx_word' id='word_1_401' title='bbox 1370 3057 1467 3121; x_wconf 78' lang='lat' dir='ltr'><strong>est,</strong></span> <span class='ocrx_word' id='word_1_402' title='bbox 1486 3056 1830 3126; x_wconf 72' lang='lat' dir='ltr'><strong>Amplissime‚</strong></span> <span class='ocrx_word' id='word_1_403' title='bbox 1853 3057 1906 3114; x_wconf 67' lang='grc' dir='ltr'>ἃ</span> <span class='ocrx_word' id='word_1_404' title='bbox 1939 3059 2004 3112; x_wconf 85' lang='lat' dir='ltr'><strong>de</strong></span> <span class='ocrx_word' id='word_1_405' title='bbox 2035 3076 2119 3110; x_wconf 89' lang='lat' dir='ltr'><strong>me</strong></span> <span class='ocrx_word' id='word_1_406' title='bbox 2150 3074 2290 3128; x_wconf 86' lang='lat' dir='ltr'><strong>egre-</strong></span> 
     </span>
     <span class='ocr_line' id='line_1_40' title="bbox 303 3127 2288 3203; baseline 0.001 -23"><span class='ocrx_word' id='word_1_407' title='bbox 303 3129 385 3198; x_wconf 72' lang='lat' dir='ltr'><strong>gie</strong></span> <span class='ocrx_word' id='word_1_408' title='bbox 424 3133 603 3183; x_wconf 86' lang='lat' dir='ltr'><strong>merite</strong></span> <span class='ocrx_word' id='word_1_409' title='bbox 635 3131 765 3194; x_wconf 74' lang='lat' dir='ltr'><strong>Vir,</strong></span> <span class='ocrx_word' id='word_1_410' title='bbox 803 3127 1078 3199; x_wconf 78' lang='lat' dir='ltr'><strong>obsequar,</strong></span> <span class='ocrx_word' id='word_1_411' title='bbox 1115 3131 1385 3202; x_wconf 69' lang='lat' dir='ltr'><strong>prompte,</strong></span> <span class='ocrx_word' id='word_1_412' title='bbox 1424 3148 1479 3182; x_wconf 90' lang='lat' dir='ltr'><strong>ac</strong></span> <span class='ocrx_word' id='word_1_413' title='bbox 1512 3129 1726 3184; x_wconf 87' lang='lat' dir='ltr'><strong>libenter</strong></span> <span class='ocrx_word' id='word_1_414' title='bbox 1755 3135 1978 3203; x_wconf 81' lang='lat' dir='ltr'><strong>accipio.</strong></span> <span class='ocrx_word' id='word_1_415' title='bbox 2030 3133 2201 3200; x_wconf 89' lang='lat' dir='ltr'><strong>Atque</strong></span> <span class='ocrx_word' id='word_1_416' title='bbox 2231 3145 2288 3182; x_wconf 86' lang='lat' dir='ltr'><strong>ut</strong></span> 
     </span>
     <span class='ocr_line' id='line_1_41' title="bbox 302 3201 2289 3278; baseline -0.002 -19"><span class='ocrx_word' id='word_1_417' title='bbox 302 3201 554 3273; x_wconf 78' lang='lat' dir='ltr'><strong>inteiligas</strong></span> <span class='ocrx_word' id='word_1_418' title='bbox 574 3241 590 3268; x_wconf 78' lang='grc'>,</span> <span class='ocrx_word' id='word_1_419' title='bbox 629 3205 779 3272; x_wconf 79' lang='lat' dir='ltr'><strong>quarn</strong></span> <span class='ocrx_word' id='word_1_420' title='bbox 816 3207 1019 3276; x_wconf 84' lang='lat' dir='ltr'><strong>cupiam</strong></span> <span class='ocrx_word' id='word_1_421' title='bbox 1040 3243 1057 3271; x_wconf 61' lang='lat'>2</span> <span class='ocrx_word' id='word_1_422' title='bbox 1093 3201 1289 3259; x_wconf 83' lang='lat' dir='ltr'><strong>istarum</strong></span> <span class='ocrx_word' id='word_1_423' title='bbox 1323 3204 1652 3261; x_wconf 86' lang='lat' dir='ltr'><strong>formularum</strong></span> <span class='ocrx_word' id='word_1_424' title='bbox 1681 3206 1846 3262; x_wconf 87' lang='lat' dir='ltr'><strong>induci</strong></span> <span class='ocrx_word' id='word_1_425' title='bbox 1883 3245 1918 3273; x_wconf 80' lang='lat'>„</span> <span class='ocrx_word' id='word_1_426' title='bbox 1951 3205 2289 3278; x_wconf 81' lang='lat' dir='ltr'><strong>oblivionem,</strong></span> 
     </span>
    </p>
   </div>
   <div class='ocr_carea' id='block_1_2' title="bbox 2032 3294 2221 3350">
    <p class='ocr_par' dir='ltr' id='par_1_4' title="bbox 2032 3294 2221 3350">
     <span class='ocr_line' id='line_1_42' title="bbox 2032 3294 2221 3350; baseline -0.016 -19"><span class='ocrx_word' id='word_1_427' title='bbox 2032 3318 2069 3348; x_wconf 63' lang='lat'><strong>3,</strong></span> <span class='ocrx_word' id='word_1_428' title='bbox 2106 3294 2172 3350; x_wconf 83' lang='lat' dir='ltr'><strong>qU</strong></span> <span class='ocrx_word' id='word_1_429' title='bbox 2177 3294 2221 3328; x_wconf 70' lang='lat' dir='ltr'><strong>a·</strong></span> 
     </span>
    </p>
   </div>
  </div>
 </body>
</html>
