2501 3602
594 211 1411 289 ANIMADVERSJO
1504 220 1806 283 LXVII.
2013 229 2088 305 ες

217 365 254 392 5,
287 324 544 399 susceperit
573 360 592 386 a
638 321 719 375 vel
751 322 918 375 album
950 323 1214 375 incurrerit
1243 359 1261 385 ,
1299 322 1528 377 dextram
1567 344 1763 395 partem
1793 330 1923 383 naris
1958 366 1975 393 ,
2005 328 2042 381 fi
2074 327 2182 381 fini.

216 437 260 465 „
290 400 411 461 ster,
448 394 678 449 sinistram
708 396 976 464 diligenter
1006 394 1222 466 inspiciet
1253 417 1264 447 :
1304 397 1353 446 in
1389 396 1483 465 ipsa
1519 399 1787 452 callositate
1828 404 2021 454 narium
2053 400 2184 453 fora-

220 510 256 537 „
293 476 419 525 mina
446 468 739 522 subtilissima
771 470 985 521 inveniet
1020 506 1037 531 ‚
1074 467 1251 536 quibus
1282 470 1445 518 tenuis
1476 468 1728 521 inserenda
1767 471 1834 525 est
1865 472 2054 537 fistula,
2091 489 2185 542 per

226 582 260 608 2,
295 559 442 611 quam
473 542 556 594 ille
590 544 673 611 qui
705 560 879 594 curare
913 540 1096 602 debet,
1133 559 1190 593 os
1221 539 1425 610 plenum
1457 541 1574 592 vino
1606 539 1818 593 insufflet
1848 580 1865 604 ³
1903 563 1959 596 ut
1986 563 2185 598 merum

219 652 257 679 „
293 632 384 682 per
412 614 641 668 foramen
669 615 788 667 illud
820 628 1080 683 penetret.
1114 612 1244 677 Quo
1279 609 1410 664 fatto
1444 611 1620 666 oculus
1651 613 1860 681 incipiet
1887 613 2185 684 lacrymare.

219 723 254 751 2,
292 687 534 740 Velocius
568 703 734 740 autem
764 685 1030 756 proficiet,
1060 686 1174 752 quia
1206 702 1298 755 per
1327 685 1591 736 interiores
1621 702 1768 737 venas
1798 688 1924 737 meri
1954 689 2108 738 virtus
2125 688 2187 740 ad

219 796 255 823 ,2
289 760 496 813 oculum
525 776 783 831 penetrat.
816 796 850 821 „
878 757 1038 810 Vides
1070 773 1127 807 ut
1157 775 1267 809 rem
1299 755 1553 810 clariffime
1582 756 1990 827 probaverimus.
2028 759 2187 826 Siquis

221 849 390 885 tamen
426 830 446 895 (
480 849 535 885 ut
564 832 709 902 aliqui
742 829 995 883 interdum
1024 829 1133 880 sunt
1167 831 1251 897 qui
1284 828 1474 880 nodum
1505 832 1555 879 in
1591 830 1753 900 scirpo
1782 832 2043 898 quaerunt)
2084 829 2186 882 hoc

219 905 427 974 Vegetii
462 907 634 975 Caput
680 921 738 956 ea
771 920 866 972 qua
903 921 993 954 nos
1030 902 1298 970 accipimus
1334 938 1351 962 ,
1405 901 1600 951 ratione
1638 902 2019 971 intelligendum
2054 903 2188 965 esse,

217 977 497 1045 dubitaret3
538 977 878 1031 austeritatem
910 974 1207 1025 adderemus
1240 971 1459 1024 Thomae
1494 971 1808 1036 Bartholini,
1845 990 1998 1043 quem
2031 973 2181 1042 pluri-

215 1046 357 1100 mum
389 1066 548 1118 nuper
576 1049 727 1099 laetati
754 1047 917 1098 sumus
947 1044 1203 1098 nobiscum
1238 1045 1460 1097 invenire
1494 1046 1882 1098 consentientem
1917 1050 1965 1098 in
1997 1064 2055 1098 ea
2073 1048 2187 1116 Epi-

215 1119 336 1173 stola
366 1136 515 1188 quam
546 1120 610 1172 de
639 1119 925 1173 Oculorum
959 1116 1240 1170 Suffufione
1269 1114 1453 1186 scripsit
1483 1118 1542 1168 ad
1581 1116 1835 1170 Burrhum
1859 1159 1870 1170 .
1912 1117 2185 1189 Postquam

215 1196 346 1244 enim
377 1194 579 1262 Vegetii
609 1191 759 1244 verba
801 1191 1045 1261 protulit,
1082 1194 1130 1243 in
1160 1190 1310 1258 iisque
1340 1205 1435 1259 pro
1469 1189 1743 1243 callositate
1772 1194 1963 1244 narium
1999 1230 2017 1255 ‚
2054 1193 2186 1240 cavi.

214 1277 317 1314 tate
345 1269 540 1315 narium
568 1265 692 1333 legit
719 1303 736 1328 ,
788 1257 895 1316 haec
942 1263 1159 1333 subjicit:
1197 1299 1232 1326 >a
1267 1264 1524 1314 Foramina
1576 1262 1657 1314 illa
1690 1262 1967 1315 accuratius
1997 1263 2183 1315 deinde

211 1375 247 1401 a:
287 1337 479 1390 detesta
499 1375 515 1400 ,
551 1337 603 1393 ὃς
633 1338 873 1405 descripta
903 1335 1105 1388 fuerunt
1137 1335 1163 1386 a
1202 1336 1443 1387 Stenonio
1476 1333 1639 1387 nostro
1684 1340 1733 1389 in
1779 1335 1900 1389 Obs.
1935 1338 2119 1387 Anat.:
2151 1371 2188 1396 aa

213 1427 271 1462 ut
319 1410 506 1478 judicio
556 1411 664 1461 Viri
705 1410 804 1464 Rei
837 1411 1143 1462 Anatomicae
1188 1407 1328 1476 juxta
1361 1423 1419 1457 ac
1467 1406 1794 1478 Philologicae
1827 1405 2183 1462 Consultiffimi

215 1486 422 1534 omnino
453 1481 640 1536 constet
667 1521 685 1546 2
738 1481 916 1535 eadem
952 1481 1051 1551 qua
1083 1498 1174 1534 nos
1220 1481 1474 1535 censemus
1504 1517 1523 1545 2
1574 1484 1770 1535 ratione
1803 1479 1937 1534 hunc
1970 1479 2181 1547 Vegetii

216 1553 390 1607 Iocum
431 1557 534 1608 esse
572 1554 945 1627 accipiendum.

390 1699 1573 1770 ANIMADVERSIO
1681 1698 2003 1767 LXVII.

364 1843 536 1895 AEtera
572 1862 681 1912 quae
711 1844 1090 1894 adcurationem
1121 1842 1396 1910 lacrymalis
1421 1840 1588 1909 fistulae
1613 1839 1715 1910 post
1747 1838 1973 1911 expositas
2009 1841 2177 1894 adver-

403 1915 481 1968 sus
509 1916 693 1969 Anellii
720 1914 1026 1970 Methodum
1057 1913 1352 1979 defficnltates
1373 1949 1388 1976 ,
1426 1914 1525 1982 ipse
1562 1914 1770 1965 tandem
1802 1914 2172 1965 Dissertationis

214 1987 407 2037 Auctor
435 2022 452 2046 ‚
489 1985 787 2051 sententiam
819 1983 969 2050 sitam
1010 1986 1297 2051 aperiendo,
1334 1987 1575 2054 proponit
1605 2021 1622 2044 ,
1663 1984 1901 2050 ejusmodi
1945 1986 2085 2046 sunt,
2121 2000 2179 2035 ut

214 2058 430 2122 partim,
469 2055 895 2122 quemadmodum
930 2054 1072 2122 supra
1101 2056 1372 2106 indicatum
1404 2054 1501 2114 est,
1540 2053 1599 2104 ab
1634 2054 1737 2121 ipso
1789 2069 1993 2122 quoque
2028 2054 2178 2107 Anel·

213 2128 283 2180 lio
316 2129 663 2180 commendata
714 2126 835 2189 fint,
872 2125 1064 2193 reliqua
1101 2127 1148 2177 in
1179 2126 1484 2195 pervulgatis
1523 2122 1895 2193 Chirurgorum
1926 2124 2061 2176 libris
2106 2127 2176 2177 in-

215 2204 477 2253 veniantur
516 2222 526 2253 ε
580 2217 637 2253 ut
673 2237 707 2264 Ὠ
755 2199 971 2268 Apertio
1025 2231 1042 2241 -
1087 2198 1139 2248 in
1181 2196 1338 2250 fistula
1384 2193 1597 2250 exterius
1644 2213 1706 2247 ex
1754 2196 1803 2246 se
1851 2215 1952 2249 non
2001 2196 2175 2266 aperta

215 2310 251 2337 aa
292 2291 383 2343 per
427 2273 615 2325 ferrum
646 2311 662 2336 ³
700 2288 783 2323 aut
827 2266 1102 2339 potentiale
1140 2273 1413 2322 cauterium
1460 2306 1493 2332 „
1541 2265 1831 2320 instituenda
1866 2290 1879 2321 :
1915 2284 1971 2320 ut
2017 2271 2175 2321 moni-

216 2362 326 2397 tum
364 2383 399 2409 >a
436 2345 713 2398 declinandi
743 2343 995 2414 praecipue
1025 2341 1374 2414 palpebrarum
1407 2342 1766 2411 ligamentum3
1806 2377 1840 2402 aa
1870 2342 2004 2408 quod
2041 2343 2174 2392 Vau-

215 2420 462 2487 gtiionuS‚
499 2418 551 2475 ὃς
597 2418 826 2471 Clericus
858 2453 876 2479 ,
913 2416 1095 2483 aliique
1133 2415 1467 2468 inculcarunt:
1504 2429 1561 2465 ut
1604 2450 1639 2476 Ὦ
1668 2428 1778 2480 quae
1822 2411 1993 2466 fistulae
2036 2430 2173 2482 aper-
2199 2442 2237 2478 H

2257 2389 2379 2439 Apud

2241 2442 2373 2481 cister.

214 2529 248 2554 >³
286 2507 453 2543 turam
507 2510 571 2543 ex
611 2492 658 2543 se
707 2491 754 2542 se
797 2489 896 2555 jam
942 2486 1174 2540 deferunt
1201 2523 1219 2531 -
1249 2506 1351 2540 non
1401 2485 1617 2553 amplam
1665 2485 1802 2547 satiS,
1836 2522 1870 2547 Ὃ
1917 2503 1998 2537 eas
2033 2484 2176 2551 hujus
2202 2491 2293 2531 Diff-
2324 2491 2394 2531 cit.

216 2563 562 2616 dilatationem
601 2565 795 2632 exigere
833 2583 845 2615 :
898 2577 953 2613 ut
980 2598 1015 2624 aa
1051 2559 1280 2613 Fistulam
1324 2562 1372 2611 in
1409 2557 1578 2620 sacco,
1617 2556 1653 2610 fi
1691 2554 1902 2626 simplex
1943 2556 2041 2621 est,
2076 2575 2178 2610 non
2202 2554 2294 2594 cap.
2314 2556 2346 2588 5·

215 2672 248 2698 „
285 2652 431 2703 rupta
462 2672 479 2696 ,
529 2638 794 2702 recensque
838 2631 1016 2702 absque
1065 2632 1175 2684 offis
1218 2631 1445 2693 laesione,
1482 2630 1581 2683 sola
1607 2667 1624 2693 2,
1678 2630 1895 2698 aptaque
1940 2629 2180 2698 compres-
2242 2625 2306 2676 33
2322 2615 2375 2659 5·

215 2744 252 2771 υ
293 2705 429 2758 sione
475 2706 725 2758 emendari
771 2707 940 2775 posse3
979 2742 1012 2768 7,
1068 2705 1205 2772 quod
1252 2703 1363 2774 post
1408 2703 1684 2757 Fabricium
1727 2701 1948 2755 nostrum
1984 2703 2179 2754 Verdu-

218 2782 354 2842 cius,
393 2777 678 2836 Dionifius,
711 2776 962 2846 Palfynius
999 2777 1249 2829 docuere:
1288 2776 1340 2831 &
1377 2795 1440 2827 ne
1478 2774 1667 2842 fingula
1708 2775 2001 2843 persequar3
2039 2773 2177 2841 quod

217 2852 384 2906 obiter
417 2855 602 2904 innuit:
640 2888 674 2915 a>
714 2854 899 2902 Aerem
945 2848 1100 2917 ipsum
1132 2846 1303 2899 tenelli
1347 2847 1456 2899 offis
1493 2846 1772 2916 lacrymalis
1803 2844 2038 2898 exfolians
2075 2864 2176 2897 non

218 2965 253 2992 Ὢ
289 2924 518 2977 infimum
548 2925 677 2991 esse3
726 2960 759 2985 „
794 2921 891 2974 hoc
938 2935 1138 2988 quoque
1182 2939 1244 2970 ex
1274 2918 1545 2972 Charrerio
1581 2916 1678 2970 est:
1717 2936 1777 2969 ex
1821 2934 1924 2985 quo
1962 2918 2014 2972 &
2050 2917 2174 2970 illud

219 2996 419 3068 sumpsit
447 3035 464 3060 ‚
519 2996 656 3067 qudd
700 3034 733 3059 aa
787 2992 978 3049 abluale
1025 2995 1300 3043 cauterium
1355 2991 1382 3043 a
1429 2990 1599 3044 fistulae
1649 2990 1929 3058 lacrymalis
1973 2990 2175 3043 admini-

219 3111 254 3138 „7
289 3071 521 3124 stratione
551 3066 851 3140 proscribat.
890 3103 925 3130 2,
962 3064 1048 3118 Illa
1097 3080 1262 3118 tamen
1292 3063 1442 3117 habet
1489 3080 1592 3133 prae
1622 3063 1853 3126 Anelh'o,
1893 3064 1944 3119 δε
1990 3066 2175 3115 caeteris

220 3145 587 3216 peculiaria7ut
615 3146 664 3196 in
697 3140 974 3211 lacrymalis
1002 3135 1171 3189 fistulae
1205 3140 1461 3190 curatione
1493 3139 1804 3188 internorum
1834 3136 2173 3187 remediorum

221 3239 283 3279 ne
317 3220 618 3275 mentionem
651 3214 854 3287 quidem
897 3211 1108 3283 injiciat:
1148 3208 1201 3266 &
1255 3208 1369 3264 cum
1412 3209 1663 3280 posuerit,
1702 3208 1913 3263 eandem
1958 3206 2173 3332 fistugam

1965 3318 1999 3346 s)
2038 3298 2064 3332 a

2252 2751 2359 2795 Ibid.

2250 2923 2356 2968 Ibid.
