2501 3602
443 239 521 293 24.
735 210 1406 289 ADVERSARJA
1467 200 1783 270 24⁶NAT.
1846 211 1965 271 VJ.

351 325 491 379 ,viris
521 321 710 387 latine,
744 324 1040 395 angliceque
1074 322 1357 378 dofiiffimis
1390 318 1452 370 de
1490 315 1686 387 Boylaei
1722 317 1910 389 scriptis
1940 319 2203 385 affirmari,
2238 321 2341 377 esse

355 397 465 451 h-aec
500 396 789 466 quibusdam
819 403 868 452 in
901 398 1026 452 locis
1061 395 1296 450 versionis
1326 392 1489 443 latinae
1508 387 1809 459 perobscura
1840 408 1948 461 quae
1979 412 2149 449 tamen
2178 398 2228 448 in
2264 414 2339 448 re-

357 469 720 544 spondentibus
753 471 933 542 anglici
981 463 1288 537 -autographi
1325 463 1451 515 locis
1484 461 1579 514 fint
1610 464 1830 515 maxime
1880 464 2041 529 cla-ra,
2081 487 2170 521 cur
2201 468 2338 521 idem

359 544 690 598 infortunium
739 545 940 611 Ridleyi
985 555 1192 609 quoque
1235 537 1428 606 scriptis
1472 537 1776 606 contingere
1821 539 2063 604 potuisse,
2103 560 2205 594 non
2237 559 2340 594 cre.

362 619 521 672 dam?
560 620 639 670 Ac
674 616 763 668 nisi
793 614 926 685 priris
958 612 1054 664 hac
1090 613 1154 664 de
1183 629 1241 663 re
1272 612 1458 662 certior
1486 608 1609 661 fiam
1640 647 1657 673 ,
1694 608 1858 661 multo
1897 609 2056 662 minus
2094 616 2334 667 assevera-

363 692 464 745 bo:
501 685 825 756 demonstraff
814 703 841 735 e
871 703 946 736 me
982 687 1358 735 commentitium
1395 679 1514 753 effe,
1550 679 1612 741 (θ’
1649 685 1780 734 mer?
1808 684 2157 754 imaginarium
2189 691 2339 738 circu-

362 765 519 815 larem
560 760 684 812 hum·
718 758 922 829 Ridleyi
953 762 1120 811 Sinum
1135 777 1155 818 3
1191 757 1297 810 imo
1330 776 1394 810 ne
1433 774 1541 812 tum
1572 757 1807 824 quidem.
1858 754 2082 810 Primum
2126 776 2344 828 namque

364 840 467 890 veri
514 832 714 885 similius
748 871 765 897 ,
807 831 859 888 δέ
904 835 1092 902 aequius
1142 832 1265 885 esset
1302 828 1747 883 hallucinationem
1801 828 1969 901 potitis
2008 832 2256 901 quandam
2294 835 2343 884 in

363 905 729 979 Spefiatiffimo
759 904 889 971 Viro
927 906 1227 977 agnoscere.
1265 903 1467 958 Deinde
1498 903 1609 955 fieri
1638 905 1837 974 posset,
1869 920 1931 956 -u·-t
1964 922 2027 956 ex
2063 904 2230 972 aliq-ua
2261 904 2345 955 sal-

362 998 469 1033 tem
504 997 647 1052 parte
679 997 850 1033 veram
884 980 1269 1050 descriptionem
1313 976 1676 1049 proposuisset,
1715 995 1791 1028 ex.
1820 995 1898 1047 gr.
1943 976 2028 1029 ubi
2067 978 2146 1031 vel
2184 980 2231 1029 in
2261 975 2346 1029 ista

360 1052 589 1106 versione
645 1053 798 1107 docet
833 1092 850 1117 ,
887 1056 1061 1107 Simum
1110 1053 1253 1105 illum
1282 1089 1317 1115 „
1364 1053 1415 1103 in
1463 1049 1643 1102 orbem
1690 1048 1809 1102 ferri
1858 1053 1988 1101 circa
2035 1051 2343 1119 pituitariam

359 1165 393 1192 „
430 1126 754 1198 glandulam,
788 1160 806 1170 -
829 1127 882 1181 &
911 1127 937 1179 a
970 1124 1136 1197 figura
1170 1124 1251 1176 sua
1283 1141 1387 1176 non
1416 1124 1692 1192 incongrue
1727 1123 2021 1176 circularem
2052 1127 2239 1176 Sinum?
2260 1139 2344 1191 ap-

358 1239 394 1263 „
432 1200 607 1270 pella-ri
652 1200 824 1272 posse.
858 1238 893 1265 „
951 1200 1136 1254 Causas
1176 1215 1347 1250 autem
1388 1213 1475 1247 cur
1524 1198 1574 1249 id
1611 1197 1724 1249 fieri
1774 1197 1952 1264 posse,
1993 1197 2234 1259 credam,
2274 1194 2342 1246 sic

167 1279 260 1322 Diff.
284 1281 336 1337 de
360 1273 520 1327 habe.
553 1273 781 1329 Primum
811 1274 1189 1337 animadverto,
1211 1269 1585 1340 Amplissimum
1616 1270 1936 1322 Brunnerum
1970 1286 2084 1322 ante
2121 1269 2217 1322 hos
2246 1267 2342 1320 fer·-

114 1333 444 1428 ffi-{n‘kpg‘me
475 1349 678 1418 triginta
707 1367 863 1401 annos
889 1344 1161 1417 scripsisse:
1200 1384 1235 1410 „
1272 1345 1319 1397 se
1351 1343 1402 1396 in
1441 1344 1616 1414 capitis
1652 1340 1858 1395 humani
1896 1360 2128 1397 anatome
2158 1341 2342 1412 injecis-

139 1420 148 1427 ’
202 1417 210 1427 ’
309 1414 336 1432 ”
359 1456 399 1485 „
433 1422 482 1474 se
525 1439 631 1492 ope
665 1420 883 1492 siphonis
914 1439 1083 1474 ceram
1120 1418 1447 1473 rubicundam
1487 1420 1536 1469 in
1578 1415 1874 1468 alterutram
1921 1415 2255 1487 jugularium,
2291 1414 2344 1466 li-

360 1532 394 1558 „
434 1494 552 1563 gata
591 1494 786 1562 alteram
826 1513 992 1548 ceram
1033 1510 1198 1547 autem
1246 1490 1580 1561 penetravisse
1617 1488 1878 1559 splendide
1914 1491 2067 1558 usque
2105 1490 2166 1540 ad
2206 1488 2343 1557 glan-

360 1605 395 1631 „
434 1568 601 1620 dulam
632 1570 974 1638 pituitariam,
1007 1585 1160 1638 quam
1189 1564 1344 1635 instar
1374 1581 1545 1616 coronae
1563 1602 1579 1627 ,
1597 1566 1784 1631 inquit,
1804 1561 2021 1614 anterius
2049 1558 2290 1614 ambivit.
2309 1598 2342 1624 „

360 1639 599 1694 Secundo
631 1657 826 1696 certum
873 1642 975 1707 est,
1010 1641 1150 1694 velut
1180 1657 1295 1693 ante
1329 1638 1870 1699 commemoravimus,
1909 1636 2230 1689 Circularem
2269 1637 2341 1687 Si-

358 1733 481 1767 num
517 1735 564 1768 2.
596 1734 642 1767 2.
672 1718 721 1768 in
751 1715 960 1786 Ridleyi
992 1714 1235 1768 Iconismo
1270 1730 1423 1782 quem
1450 1714 1500 1764 in
1534 1711 1789 1781 superiore
1823 1709 2025 1762 Tabula
2061 1731 2109 1762 n.
2132 1730 2177 1761 2.
2208 1706 2341 1760 exhi-

358 1786 527 1850 buisti,
569 1806 719 1840 manu
747 1787 898 1858 ipsius
926 1790 1168 1856 Covvperi
1200 1787 1299 1839 esse
1330 1785 1637 1838 delineatum
1669 1806 1681 1849 3
1724 1785 1830 1849 quis
1865 1801 2036 1835 autem
2066 1780 2208 1834 facile*
2236 1781 2338 1832 exi-

361 1857 556 1920 stimet,
593 1876 695 1910 tam
727 1861 1343 1928 sagacem,veracemq.ue
1371 1858 1730 1906 Anatomicum
1765 1869 1850 1904 aut
1887 1855 2024 1923 quod
2062 1854 2338 1913 vidit,non

365 1932 688 1999 cognovisse,
722 1948 810 1983 aut
842 1932 979 2000 quod
1014 1949 1114 1982 non
1144 1925 1588 1990 vidit,delineasse
1614 1965 1625 1975 .
1665 1925 1914 1988 Accedit,
1939 1926 2156 1977 ⁴eund-em
2189 1926 2340 1977 Cow·

361 2021 541 2071 perum
572 2007 621 2055 in
651 2004 732 2054 sua
768 2004 830 2054 ad
861 2006 1146 2054 Anatomen
1176 2000 1378 2052 humani
1411 2000 1639 2066 corpor-is
1668 1998 1973 2064 Appendice
2004 1997 2188 2048 eodem
2225 1995 2246 2059 (
2276 1998 2342 2047 ni-

364 2073 400 2126 si
432 2093 516 2125 me
544 2077 744 2144 prorsus
774 2077 1018 2126 memoria
1046 2072 1174 2124 fallit
1203 2074 1222 2136 )
1258 2071 1501 2122 Iconismo
1535 2069 1673 2120 usum
1707 2070 1838 2130 esse,
1874 2068 1927 2123 ἃ
1960 2071 2134 2120 Sinum
2171 2069 2343 2121 Circu-

364 2146 557 2211 larem,
595 2148 679 2199 seu
712 2148 915 2200 Venam
946 2145 1251 2198 ambientem
1281 2141 1577 2213 glandula-m
1608 2143 1916 2210 pituitariam
1955 2141 2130 2194 diserte
2168 2140 2343 2211 posuis-

117 2225 342 2290 Memoires
366 2221 442 2273 se.
546 2221 696 2273 Adde
727 2219 801 2272 his
837 2221 988 2281 ali-um
1035 2217 1249 2271 Clarum
1290 2221 1340 2269 in
1377 2218 1550 2285 primis
1590 2217 1942 2267 Anatomicum
1976 2215 2222 2277 Litrium,
2260 2217 2343 2283 qui

120 2275 341 2371 fffi¹d{{}{j
367 2297 495 2347 intra
540 2294 795 2347 crassitiem
844 2295 1038 2346 laminae
1079 2290 1348 2361 superi-oris
1399 2291 1556 2342 Durae
1600 2288 1854 2356 Meningis
1905 2287 2089 2340 Sellam
2127 2288 2343 2356 desuper

122 2387 170 2422 A.
204 2394 310 2428 1707.
366 2368 662 2420 obducent-is
709 2370 882 2419 Sinum
918 2367 936 2428 (
968 2385 1100 2426 non,
1139 2380 1193 2414 ut
1237 2365 1288 2415 in
1318 2379 1402 2414 tua
1433 2361 1516 2412 illa
1561 2361 1904 2412 Adnotatione
1940 2359 2197 2410 redditum
2234 2358 2339 2420 est,

193 2453 261 2494 308
366 2442 584 2491 Sinultam
617 2444 639 2510 >
678 2439 856 2507 figurae
900 2440 1052 2490 ovalis
1088 2434 1369 2497 observari,
1404 2433 1602 2495 scribit,
1637 2448 1744 2500 quo
1790 2431 2039 2501 glandulae
2078 2433 2338 2499 pituitariae

366 2531 483 2584 pars
518 2514 741 2580 superior
773 2510 1208 2579 circumcingitur,
1250 2507 1300 2561 8<
1331 2510 1382 2556 in
1416 2523 1601 2575 quem,
1640 2520 1698 2554 ut
1729 2503 1882 2572 paulo
1916 2502 2117 2555 inferitis
2155 2503 2335 2566 docet,

366 2603 481 2655 pars
508 2603 749 2638 venarum
781 2583 999 2652 ejusdem
1036 2579 1289 2651 glandulae
1324 2583 1633 2630 corrivatur.
1689 2578 1830 2631 Num
1862 2579 2139 2644 igitur,tot
2176 2576 2339 2628 Soler-

366 2659 568 2711 tiffirnos
608 2659 936 2711 Anatomicos
972 2653 1299 2708 hallucinatos
1330 2650 1466 2714 resse,
1508 2650 1773 2703 credemus
1806 2688 1822 2712 ,
1863 2649 1914 2704 ἃ
1955 2647 2067 2701 cum
2116 2652 2184 2701 ita
2212 2652 2339 2701 inter

366 2731 414 2784 se
446 2731 787 2795 consentiant,
825 2728 1017 2783 nullum
1051 2744 1221 2778 tamen
1255 2723 1592 2793 sanguifer-um
1630 2722 1878 2774 vasculum
1915 2717 1935 2784 (
1970 2723 2050 2774 seu
2084 2725 2257 2775 Sinum
2288 2720 2338 2774 il-

365 2803 480 2870 lud,
526 2806 606 2856 seu
646 2805 846 2857 Venam
874 2800 1176 2873 appellitare
1213 2798 1440 2850 malimus
1473 2799 1493 2866 )
1538 2813 1713 2848 revera
1750 2797 2053 2866 conspexisse
2088 2795 2223 2864 quod
2250 2797 2340 2846 -cir-

368 2877 480 2930 cum
516 2880 818 2947 pituitariam
849 2873 1140 2947 glandulam
1180 2875 1228 2925 in
1267 2869 1448 2923 orbem
1490 2871 1835 2922 commearet?
1855 2867 1979 2922 Mihi
2017 2870 2220 2937 quidem
2237 2886 2337 2932 non

363 2951 426 3005 fit
459 2947 756 3011 verisimile,
792 2950 1068 3020 praesertim
1109 2943 1222 2998 etim
1251 2945 1349 3015 ipse
1390 2959 1593 3012 quoque
1626 2958 1892 3010 ant-equam
1926 2943 2119 2994 Duram
2149 2943 2338 2995 Menin-

367 3042 486 3092 gem
521 3023 548 3074 a
577 3039 675 3090 qua
704 3016 767 3072 ea
804 3020 1033 3090 glandula
1076 3020 1303 3089 operitur
1330 3055 1347 3080 ,
1383 3032 1705 3077 amoverem,
1749 3032 1852 3065 non
1890 3013 2148 3067 obscuram
2188 3029 2338 3066 annu-

365 3095 481 3146 laris
529 3094 706 3148 vasculi
747 3093 1210 3153 adumbrationem,
1246 3091 1515 3160 sanguineo
1566 3087 1738 3140 colore
1784 3103 1879 3154 per
1922 3087 2060 3140 illam
2089 3085 2337 3150 Meningis

363 3181 559 3233 partem
600 3166 786 3219 circum
828 3166 1077 3236 glandulae
1110 3166 1414 3236 superiorem
1450 3159 1695 3212 ambitum
1725 3159 2061 3219 transluc-ente
2090 3198 2105 3220 ,
2143 3155 2335 3226 perspe-

365 3239 556 3301 xerim,
591 3241 742 3308 idque
775 3244 841 3293 ita
876 3240 1003 3310 saepe
1037 3277 1053 3303 ,
1106 3254 1162 3290 ut
1201 3236 1262 3289 de
1310 3253 1494 3305 novem
1524 3229 1763 3306 capitibus
1808 3237 1885 3287 vix
1929 3233 2030 3286 duo
2064 3230 2247 3308 fuerint
2287 3230 2335 3277 in

2165 3317 2265 3370 (Fil-
