2576 3607
434 208 546 243 102
733 181 1902 256 DISSERTATJO

404 294 533 346 Haec
569 292 722 362 igitur
759 293 1040 361 argumenti
1076 289 1304 343 sterilitas
1333 288 2109 363 curiositatem,industriamque
2150 310 2317 346 meam

333 370 564 429 exacuit³
600 381 656 417 ut
687 381 901 434 quatuor
940 382 1123 434 praeter
1160 383 1250 427 ea,
1280 380 1389 434 quae
1419 365 1469 413 in
1507 381 1696 432 genere
1725 366 1783 417 ad
1821 364 2317 432 situm7numerum,

332 458 390 491 ac
430 439 645 510 figuram
683 437 1016 508 Gangliorum
1045 435 1296 507 spestant‚
1336 436 1591 504 praecipue
1624 436 1689 488 de
1723 437 1894 489 iisdem
1935 457 2244 506 quaererem,
2281 442 2318 492 1.

330 511 663 574 structuram,
699 512 903 573 ILVim,
944 511 1020 561 111.
1058 510 1194 560 usum
1221 508 1343 570 ,1V.
1381 508 1584 558 demum
1619 509 1872 561 morbosas
1905 511 2222 565 affeffliones:
2260 531 2320 564 an

331 584 459 637 vero
495 603 585 648 ea,
622 601 734 654 quae
768 583 1035 642 rimandO,
1071 579 1486 649 observandoque
1520 579 1613 631 alia
1649 601 1710 632 ex
1753 582 1855 634 aliis
1892 600 2035 652 apta,
2073 584 2123 638 ἃ
2160 586 2322 637 neces-

333 656 474 710 sitate
507 658 718 726 quadam
752 654 836 706 fibi
875 656 1082 705 invicem
1116 670 1239 705 nexa
1272 655 1489 724 cognovi
1526 651 1546 714 <
1584 671 1866 725 quanquam
1902 659 2117 707 animum
2148 676 2320 709 meum

334 731 559 784 nondum
608 731 715 781 satis
753 725 957 796 explent
995 726 1015 793 )
1055 741 1274 790 naturae,
1315 744 1372 777 ac
1400 730 1595 780 veritati
1643 732 1852 781 omnino
1887 746 2197 798 congruant,
2236 729 2320 782 Te

332 804 558 870 judicem
590 802 689 868 legi
712 837 728 861 a
761 796 1119 867 constituique.
1174 798 1258 851 Tu
1291 798 1564 868 siquidem,
1605 804 1687 869 qui
1728 801 2081 854 occultiffimos
2113 800 2317 855 humani

335 877 566 945 corporis
599 869 815 924 receflus
856 874 1086 942 aperire,
1124 888 1275 941 atque
1308 871 1580 938 illustrare,
1601 873 1748 944 siquis
1779 876 1898 928 alius
1930 873 2091 927 nostra
2129 880 2310 939 aetate,

334 946 528 1019 optime
565 942 723 1008 nosti,
763 964 879 998 meo
913 943 1010 996 hoc
1048 949 1094 996 in
1124 946 1391 1013 specimine
1421 965 1537 1000 vera
1571 949 1596 1000 a
1629 947 1758 1002 falsis
1791 948 1950 1020 probe
1985 946 2317 1017 distinguere,

332 1037 519 1089 meque
551 1057 566 1081 ³
605 1017 740 1087 quod
775 1018 991 1070 maxime
1028 1015 1237 1086 flagito„
1270 1021 1355 1072 ubi
1396 1037 1523 1090 opus
1557 1021 1716 1074 fuerit
1744 1061 1761 1086 a
1797 1022 1984 1075 utiliter
2017 1023 2209 1091 poteris
2240 1022 2323 1073 ad-

333 1111 579 1145 monere:
621 1109 720 1144 non
763 1096 896 1144 enim
929 1094 967 1141 is
1003 1091 1140 1154 sum,
1174 1096 1258 1159 qui
1292 1096 1357 1146 ita
1389 1093 1511 1146 mih-i
1547 1095 1805 1165 placeam,
1842 1112 1897 1148 ut
1931 1093 2224 1163 conjeRuris
2257 1111 2324 1147 te-

335 1165 477 1219 mere
513 1165 772 1227 assentiar.,
812 1164 1132 1235 proindeque
1166 1183 1311 1218 aures
1349 1168 1685 1221 monitoribus
1723 1169 1982 1222 claudam.

402 1238 489 1291 Ab
526 1241 673 1291 initio
705 1254 877 1289 autem
912 1235 1084 1289 nossrae
1113 1238 1513 1303 Dissertationis2,
1551 1240 1761 1312 longum
1801 1242 2084 1300 sermonem
2115 1237 2323 1291 minime

332 1310 674 1372 instituemus,
715 1327 990 1378 quaerentes
1025 1313 1073 1363 in
1111 1328 1300 1380 genere
1335 1312 1409 1385 de‘
1433 1311 1524 1364 situ
1555 1351 1573 1376 ‚
1626 1332 1684 1366 ac
1714 1332 1927 1366 numero
1956 1312 2323 1383 Cangliorum:

333 1385 652 1443 nemoenim
701 1381 803 1446 est,
843 1386 892 1435 in
927 1384 1215 1436 animalium
1250 1384 1540 1439 sessionibus
1573 1387 1652 1439 vel
1683 1404 1862 1457 parum
1893 1386 2325 1454 exercitatus,qui

333 1459 516 1509 nesciat
558 1494 574 1519 a
628 1454 803 1527 pusilla
854 1458 1079 1526 quaedam
1115 1460 1375 1527 Ganglffl,
1425 1458 1506 1511 seu
1552 1460 1889 1531 Gangliorum
1948 1460 2228 1511 rudimenta
2276 1459 2327 1509 in

335 1546 609 1583 nervorum
648 1532 836 1580 truncis
878 1529 1131 1584 acervice
1164 1549 1256 1600 per
1287 1548 1486 1585 ventres
1520 1571 1537 1597 a
1589 1550 1741 1602 atque
1774 1549 1864 1601 per
1903 1549 2035 1584 artus
2070 1531 2230 1583 ubivis
2259 1529 2328 1581 Io-

336 1621 514 1654 corum
545 1604 786 1666 inveniri,
824 1604 872 1652 in
908 1603 1087 1671 quibus
1118 1604 1295 1657 diversi
1333 1605 1518 1658 ordinis
1571 1610 1711 1660 nervi
1755 1604 1898 1658 fimul
1932 1621 2143 1667 coeunt³
2179 1601 2328 1670 majo-

334 1692 573 1744 remque,
617 1680 676 1727 ac
707 1676 997 1745 praedurum
1045 1678 1300 1730 caudicem
1349 1676 1652 1743 efformant,
1694 1680 1720 1733 a
1751 1695 1852 1749 quo
1893 1678 2215 1750 postmodum
2254 1694 2334 1727 ve·

334 1749 429 1802 luti
462 1749 489 1800 a
524 1764 706 1800 trunco
739 1749 916 1800 ramuli
948 1751 1240 1819 prodeunt,
1276 1769 1334 1802 ac
1369 1752 1753 1822 dispertiuntur.

405 1824 592 1888 Neque
628 1821 752 1872 vero
804 1838 971 1871 certus
1021 1840 1197 1873 eorum
1234 1841 1473 1875 numerus
1505 1825 1703 1878 definiri
1733 1822 1897 1892 potest
1924 1862 1941 1885 7
1982 1823 2095 1892 quia
2131 1822 2327 1872 Natura

333 1895 386 1943 in
415 1895 469 1943 iis
499 1889 837 1945 construendis
870 1893 996 1962 saepe
1027 1898 1215 1946 variare
1250 1896 1537 1961 consuevit,
1590 1897 2022 1965 quemadmodum
2056 1911 2230 1946 eorum
2261 1894 2328 1943 in-

338 1982 522 2017 ventor
538 1964 830 2036 Falloppius
863 1967 1131 2019 indicavit.
1169 1965 1251 2021 Est
1281 1984 1554 2033 tamen3ut
1587 1968 1671 2021 hic
1687 1971 1925 2040 Tyrones
1942 1971 2078 2021 Artis
2111 1982 2328 2017 commo-

334 2056 588 2100 neam,ne
620 2036 838 2105 singulos
881 2056 1153 2091 nervorum
1193 2038 1367 2107 plexus
1399 2057 1494 2111 pro
1527 2041 1761 2111 perfectis
1793 2042 2019 2111 Gangliis
2049 2040 2328 2108 accipiant,

334 2127 391 2162 ut
443 2115 470 2161 a
514 2109 768 2163 nonnullis
820 2113 970 2162 etiam
1025 2112 1317 2178 gravissimis
1355 2116 1666 2167 Anatomicis
1715 2113 1903 2168 fastum
1951 2112 2317 2165 animadverti.

332 2185 641 2244 Enimvero,
681 2199 738 2235 ut
765 2180 965 2235 inferius
1000 2182 1344 2249 ostendemus,
1381 2190 1503 2238 rami
1539 2189 1944 2255 nervorum3qui
1982 2186 2009 2237 a
2040 2192 2165 2238 veris
2203 2187 2330 2237 Gan-

335 2255 445 2325 gliis
481 2258 711 2325 proxime
745 2256 1163 2326 proficiscuntur,
1202 2257 1434 2311 lacertosi
1470 2260 1612 2325 sunt,
1648 2280 1706 2313 ac
1741 2259 2075 2321 musculares,
2113 2261 2246 2326 iique
2279 2259 2327 2308 in

334 2333 494 2381 varios
533 2329 770 2400 deinceps
806 2329 961 2382 veluti
991 2348 1204 2383 nerveos
1241 2333 1467 2384 tendines
1507 2333 1727 2400 abeunt3
1769 2332 1854 2385 ubi
1889 2330 2056 2404 postea
2087 2333 2135 2382 in
2175 2328 2327 2389 alios,

335 2417 489 2471 atque
524 2401 643 2454 alios
681 2401 1068 2466 distribuuntur,
1119 2404 1353 2456 tendinea
1398 2408 1584 2475 pariter
1621 2405 1786 2458 tunica
1827 2401 2320 2462 circumvestiuntur,

330 2474 640 2543 plexumque
676 2474 801 2543 saepc}
842 2475 1120 2545 effingunt,
1172 2479 1256 2543 qui
1289 2495 1391 2528 non
1429 2476 1496 2530 est
1533 2477 1913 2531 considerandus
1952 2493 2190 2545 tanquam
2229 2490 2315 2525 no-

333 2565 452 2598 vum
483 2546 763 2616 Ganglium
796 2585 813 2609 ,
854 2548 942 2599 secl
980 2545 1311 2616 utplurimum
1346 2548 1500 2601 veluti
1533 2568 1646 2621 pars
1682 2589 1698 2613 ,
1756 2554 1838 2603 seu
1869 2550 2154 2603 membrum
2189 2546 2215 2600 a
2254 2548 2322 2598 su-

333 2622 522 2688 periori
569 2618 785 2689 Ganglio
818 2619 1119 2688 produffiim
1146 2657 1162 2682 ‚
1201 2637 1351 2690 atque
1390 2620 1686 2692 elongatum
1708 2663 1719 2674 .
1919 2675 1927 2682 ,

410 2694 473 2743 Et
509 2694 712 2760 quidem
753 2693 812 2745 ad
852 2692 1040 2746 restam
1084 2693 1416 2762 Gangliorum
1454 2714 1677 2749 naturam
1714 2733 1731 2760 2
1767 2717 1824 2750 ac
1861 2696 2139 2750 discrimina
2177 2690 2330 2754 stabi,

337 2764 536 2827 lienda2
574 2766 696 2818 illud
735 2783 976 2836 praeterea
1013 2765 1280 2835 diligenter
1316 2765 1384 2821 est
1420 2768 1779 2823 observandum
1817 2810 1834 2835 ‚
1887 2769 2026 2840 quod
2058 2773 2107 2821 in
2145 2769 2324 2819 anima-

335 2836 454 2889 lium
491 2839 792 2908 corporibus
827 2857 1137 2910 organorum
1177 2838 1417 2895 structura
1449 2844 1518 2894 ita
1555 2844 1888 2913 procedit,ut
1921 2844 1947 2895 a
1981 2839 2326 2912 simplicissima

340 2910 400 2960 ad
432 2914 595 2981 magis
642 2912 969 2982 compositam
1007 2930 1099 2981 per
1132 2914 1318 2985 gradus
1370 2915 1659 2969 ascendatur
1688 2955 1706 2979 .,
1759 2934 1815 2969 ut
1849 2921 1896 2969 in
1943 2914 2169 2968 musculis
2200 2953 2217 2977 ,
2275 2910 2327 2963 &

340 2981 582 3050 glandulis
622 2987 797 3056 aperte.
821 2987 1145 3056 conspicitur.
1185 2988 1320 3039 Nam
1354 2991 1403 3041 in
1426 2988 1671 3060 prioribus
1704 2987 2151 3059 fimpliceffiatque
2183 2988 2325 3038 unius

342 3056 529 3109 ordinis
588 3057 725 3112 fibrae
768 3057 1044 3129 simplicem
1102 3059 1430 3114 muscularem
1479 3062 1826 3116 membranam
1861 3079 2168 3122 contexunt3
2213 3074 2321 3123 quae

341 3125 452 3177 alibi
490 3146 585 3196 pro
616 3136 757 3184 variis
798 3132 975 3184 additis
1012 3150 1256 3185 novarum
1298 3134 1542 3188 fibrarum
1590 3134 1746 3188 stratis
1775 3175 1791 3200 ‚
1847 3156 1902 3189 ac
1942 3128 2326 3190 direfflonibus²

342 3201 532 3252 vatiam
568 3206 715 3257 etiarn
745 3243 761 3269 a
800 3205 1056 3277 magisque
1091 3206 1422 3279 compositam
1461 3209 1789 3266 muscularem
1827 3226 2075 3280 texturam
2104 3204 2328 3272 compin-

2093 3292 2216 3348 gunt
2241 3311 2258 3340 9
