2576 3607
754 279 884 340 Viro
933 275 1328 358 Erudt'tissz'mo
1378 269 1806 360 Doft'iſsimoque

399 404 2140 527 DJO-BAPTISTAE

269 569 925 719 BLA
1359 563 2266 709 CHIO

565 765 751 838 Med.
821 771 885 835 ὅ(
933 761 1124 835 Anat.
1184 757 1529 831 Profeffori
1576 759 1961 831 Taurinensi

603 1025 718 1095 Jo.
768 1022 1056 1081 MARIA
1110 1022 1605 1078 LANoistUs
1664 1023 1810 1078 s.1>.
1848 1023 1924 1076 D.·

434 1146 761 1207 Ehementitis
795 1164 1051 1217 nunquam
1085 1147 1205 1200 Tibi
1254 1149 1533 1218 gratulatus
1572 1149 1673 1202 sum
1710 1187 1727 1212 ‚
1779 1164 1861 1201 aut
1910 1149 1959 1199 in
2006 1142 2262 1217 posterum

472 1243 555 1277 me
587 1222 729 1294 posse
759 1222 975 1276 arbitror
996 1260 1012 1285 ‚
1041 1219 1137 1274 Vir
1173 1221 1475 1287 dostiffime‚
1513 1223 1661 1292 quam
1696 1221 1941 1274 hodierno
1979 1220 2264 1287 die,quem

270 1297 382 1351 sane
412 1297 706 1350 laetissimum
739 1294 859 1348 mihi
901 1310 1104 1364 quoque
1137 1293 1346 1347 illuxisse
1385 1297 1542 1348 sentio
1575 1337 1586 1348 .
1642 1299 1779 1350 Nam
1811 1334 1827 1358 ‚
1871 1292 1983 1346 calm
2024 1292 2277 1363 superiori

270 1371 439 1424 mense
473 1371 665 1423 litteras
696 1369 780 1422 abs
816 1369 898 1421 Te
950 1368 1246 1438 accepissem
1295 1368 1655 1422 benevolentiae
1688 1373 1737 1422 in
1791 1387 1876 1422 me
1924 1384 2020 1419 tuae
2060 1405 2076 1431 s
2125 1362 2267 1417 simul

272 1448 427 1496 etiam
464 1444 725 1515 prudentis
756 1481 773 1506 ‚
811 1441 1132 1511 candidaeque
1170 1459 1292 1511 erga
1323 1442 1744 1495 Praeclariffimum
1785 1443 2150 1511 Morgagninm
2186 1456 2267 1489 ex-

272 1519 533 1570 cusationis
563 1517 764 1586 plenas,
804 1516 982 1583 easque
1018 1516 1078 1566 ad
1115 1515 1256 1567 illum
1297 1515 1394 1566 una
1431 1534 1545 1566 cum
1580 1534 1682 1567 non
1720 1513 1931 1566 obscura
1963 1512 2270 1572 voluntatiS,

272 1590 552 1658 amorisque
583 1593 679 1639 mei
712 1588 1076 1656 significatione
1105 1585 1335 1638 misissem
1365 1624 1381 1650 ,
1422 1587 1480 1639 ab
1517 1586 1699 1638 eodem
1736 1622 1754 1647 ‚
1809 1582 1923 1636 data
1960 1585 2020 1633 ad
2054 1602 2135 1635 me
2168 1584 2268 1651 epi-

272 1662 396 1716 stola
424 1700 442 1724 a
495 1659 837 1712 humanissime
871 1660 1108 1728 probatas
1140 1660 1289 1710 video
1319 1695 1336 1720 ,
1388 1661 1700 1726 priscamque
1741 1655 1955 1725 proinde
1993 1655 2261 1706 amicitiam

273 1737 405 1788 inter
434 1736 545 1788 Vos
578 1734 738 1786 rursus
772 1731 1169 1800 conglutinatam
1200 1768 1216 1793 ,
1273 1748 1332 1781 ac
1367 1729 1638 1783 firmissime
1678 1730 1963 1780 duraturam
1996 1726 2226 1796 intelligo
2252 1765 2263 1778 .

274 1810 452 1863 Nemo
486 1808 648 1870 enim,
688 1805 975 1858 amicissime
1012 1802 1254 1867 Blanchi‚
1295 1804 1379 1854 Te
1408 1820 1709 1875 perpetuam
1745 1821 1861 1854 cum
1904 1803 2101 1872 optimo
2139 1799 2266 1851 Viro

275 1898 456 1952 pacem
487 1879 695 1932 voluisse
728 1878 986 1940 crederet,
1029 1876 1065 1929 fi
1094 1876 1197 1929 acta
1231 1881 1539 1946 caeteroquin
1568 1876 1900 1947 improbanda
1936 1874 2234 1927 defenderes
2254 1912 2265 1923 .

276 1954 360 2007 Ad
393 1972 476 2004 me
508 1968 678 2004 autem
714 1952 851 2019 quod
886 1950 1069 2020 spectat
1101 1989 1116 2013 s
1157 1949 1270 2003 cum
1307 1950 1425 2003 nihil
1464 1952 1638 2021 aegrius
1688 1949 1820 2001 ferre
1867 1947 2082 2009 soleam,
2118 1946 2276 2015 quam

279 2026 595 2079 eruditorum
625 2024 922 2087 hominum³
953 2027 1225 2077 amicorum
1259 2024 1531 2094 praesertim
1568 2022 1917 2085 distensiones,
1950 2019 2130 2088 quibus
2165 2018 2267 2089 ple-

279 2115 475 2168 runque
505 2118 606 2153 non
636 2098 748 2151 leve
783 2099 830 2151 in
865 2097 1063 2150 eosdem
1096 2094 1486 2162 detrimentum,
1522 2098 1719 2167 semper
1752 2095 1878 2149 vero
1916 2094 2080 2160 aliqua
2116 2095 2163 2142 in
2193 2091 2268 2142 lit-

280 2174 515 2225 terariam
549 2170 937 2242 Rempublicam
973 2169 1160 2238 jactura
1199 2170 1476 2238 redundat3
1517 2173 1685 2223 omnia
1721 2169 1926 2236 quidem
1957 2162 2268 2220 libentissime

281 2246 408 2307 feci,
449 2262 556 2315 quae
589 2245 647 2297 ad
683 2262 905 2298 mutuam
937 2242 1148 2297 vestram
1180 2245 1533 2307 concordiam,
1564 2243 1921 2316 publicamque
1958 2237 2269 2291 existimatio-

282 2337 399 2372 nem
435 2321 687 2388 pertinere
721 2320 974 2389 cognovi.
1012 2317 1064 2368 Id
1097 2319 1230 2368 enim
1263 2318 1389 2370 vero
1422 2317 1484 2369 ab
1516 2335 1579 2369 eo
1613 2319 1776 2369 animo
1804 2352 1821 2377 .,
1859 2313 2059 2382 qualem
2098 2328 2269 2362 meum

286 2394 387 2444 esse
421 2394 566 2443 amici
599 2391 773 2444 dicunt
800 2430 816 2454 ‚
859 2410 958 2443 non
993 2392 1176 2458 privata
1208 2387 1362 2442 solum
1400 2393 1539 2459 quies
1576 2392 1810 2459 exigere,
1848 2386 1926 2439 sed
1961 2383 2128 2438 multo
2167 2401 2268 2434 ma-

288 2466 363 2535 gis
397 2462 629 2516 similium
658 2465 910 2517 vobiscum
946 2461 1214 2515 studiorum
1246 2463 1577 2532 tranquillitas
1609 2500 1625 2524 a
1676 2479 1787 2530 quae
1823 2462 1885 2512 ad
1941 2474 2268 2512 communem

288 2534 553 2588 utilitatem
586 2538 828 2608 conspirat
867 2575 883 2602 ‚
920 2533 1183 2605 impensius
1212 2534 1463 2606 postulare
1495 2534 1786 2589 videbatur.
1829 2531 2083 2587 Caeterum
2117 2569 2132 2596 ‚
2175 2529 2270 2581 Vir

288 2608 598 2671 manissime,
635 2627 880 2678 auguror,
917 2608 969 2664 ἅν
996 2608 1224 2661 futurum
1259 2610 1495 2672 confido,
1535 2625 1620 2672 ut„
1660 2605 1876 2677 depulsis
1908 2606 2141 2660 omnibus
2175 2603 2271 2653 ani-

286 2700 489 2735 morum
520 2680 747 2745 dissidiis,
786 2685 1016 2735 diuturna
1056 2680 1247 2745 Vobis,
1285 2684 1520 2753 prospera
1555 2720 1571 2745 a
1612 2681 1664 2737 δε
1701 2681 1820 2734 felix
1849 2683 1951 2733 vita
1985 2682 2269 2746 contingat:

286 2754 420 2807 unde
450 2756 632 2807 mutuis
661 2754 870 2818 officiiS,
910 2753 1177 2823 sedulaque
1203 2793 1220 2817 a
1260 2754 1311 2810 &
1351 2756 1509 2808 amica
1543 2772 1651 2808 tum
1690 2756 1969 2823 inquirendi
2001 2794 2018 2818 ,
2055 2769 2163 2804 tum
2196 2749 2267 2801 lu-

290 2828 526 2881 cubrandi
575 2831 902 2881 contentione
951 2828 1010 2880 ad
1063 2845 1231 2880 veram
1272 2827 1474 2880 laudem
1508 2867 1524 2889 ‚
1581 2830 1806 2896 propitio
1851 2830 1969 2879 Deo
2020 2825 2270 2874 bonorum

290 2905 512 2954 omnium
555 2899 797 2968 largitore
832 2939 849 2964 a
893 2899 1078 2952 felicius
1130 2902 1325 2968 semper
1377 2899 1691 2952 contendatis
1724 2938 1735 2948 .
1789 2900 1989 2948 Interim
2023 2898 2271 2963 Autogra-

289 2971 445 3044 phum
479 2972 742 3026 Clariffimi
771 2975 1043 3040 'Morgagni
1077 2972 1138 3022 ad
1174 2972 1257 3023 Te
1290 2974 1438 3023 mitto
1473 3010 1489 3037 a
1544 2987 1604 3028 ut
1633 2968 1948 3024 certiffimum
1979 2966 2162 3022 habeas
2197 2983 2270 3018 rea

292 3044 562 3099 conciliatae
596 3045 718 3098 illius
748 3043 1012 3096 voluntatis
1046 3042 1383 3096 testimonium
1406 3085 1417 3097 .
1494 3042 1624 3096 Vale
1647 3083 1658 3094 .

437 3192 615 3248 Romae
651 3188 889 3247 Postridie
928 3189 1041 3244 Kal.
1081 3190 1391 3245 Novembris
1430 3191 1488 3244 M
1523 3189 1709 3244 DCC
1746 3191 1985 3247 XVIII.
2063 3260 2091 3331 J
2130 3263 2184 3316 O
