2576 3607
584 173 1019 262 A‘NJMAD
1041 200 1164 259 VE
1183 201 1404 276 ΚΗΘ
1496 208 1854 268 XXXVII.
2034 237 2101 292 51

235 318 447 376 confecit
475 311 827 384 Verheyenius
858 354 876 376 ,
931 329 1078 383 quam
1119 330 1386 385 propterea
1435 332 1523 366 cur
1561 333 1674 368 ante
1709 320 1894 373 nostras
1933 325 2200 394 proposue-

236 397 303 447 ris
329 428 346 453 ,
396 402 708 455 nequaquam
738 386 888 439 video
922 426 933 437 .
993 389 1106 456 Ego
1139 386 1275 439 certe
1307 403 1471 456 neque
1506 406 1564 440 ea
1600 389 1764 458 figura
1801 395 2198 461 Epiglottidem,

232 479 421 530 neque·²
461 475 517 511 ut
563 459 654 512 alia
691 463 951 527 omittam·²
989 479 1045 512 ea
1084 463 1276 513 ratione
1314 458 1666 530 Thyroidem,
1703 466 2197 534 Arytaenoides,ha-

230 551 444 600 rumque
479 533 827 603 cartilaginum
875 533 1132 602 glandulas
1167 533 1527 585 delineaveram
1561 572 1578 596 ,
1629 552 1683 586 ut
1724 551 1888 603 neque
1922 546 2071 607 Caput
2109 551 2196 592 [Λ.-
2259 579 2261 582 .

228 610 427 675 ryngis,
463 605 544 658 sed
576 607 866 676 Laryngem
904 606 1088 675 ipsum,
1110 604 1376 659 secundum
1415 606 1520 675 ejus
1553 607 1929 678 longitudinem
1959 610 2194 678 posterius

227 679 635 747 se&t1m,batque
673 680 966 751 expansum,
1010 679 1267 731 ostendere
1297 697 1408 740 me,
1451 680 1700 732 dixeram.
1803 680 2000 744 Porro,
2039 701 2093 735 ut
2132 687 2193 737 ad

225 754 477 824 proximas
512 754 712 821 Figuras
744 752 984 804 transeam
1016 775 1029 818 3
1083 751 1202 803 illud
1237 768 1437 821 quoque
1483 754 1531 804 in
1568 755 1601 805 Ι.
1635 754 1943 807 Adversariis
1992 773 2194 808 monue-
2245 789 2282 816 n.
2324 790 2386 825 24-

223 843 365 877 ram:
402 863 441 889 „
478 821 573 876 effe
604 827 831 894 Figuram
867 828 912 876 in
942 823 1078 875 libris
1112 828 1428 885 anatomicis,
1465 840 1560 892 qua
1599 830 1790 878 arteriae
1847 827 2025 895 asperae
2055 833 2194 881 carti-

221 934 256 962 „
294 898 481 968 lagines
518 896 589 948 fic
620 897 977 958 ostenduntur,
1014 893 1069 947 ut
1103 916 1202 948 non
1236 896 1391 947 solum
1422 901 1656 966 utrinque
1692 918 1869 952 omnes
1905 903 1955 951 in
1991 918 2193 955 acutum

222 1007 255 1034 „
293 969 510 1025 desinant
558 969 793 1038 angulum
827 1007 843 1031 ,
889 969 972 1020 sed
1020 968 1331 1021 interstitium
1385 969 1519 1037 quod
1587 973 1637 1021 in
1679 971 1953 1041 posteriore
2000 977 2192 1028 arteriae

222 1079 257 1107 „
294 1060 440 1111 parte
474 1041 540 1094 est
569 1079 585 1103 ,
635 1040 758 1092 illud
793 1057 998 1110 quoque
1034 1040 1239 1111 explere
1275 1057 1439 1093 totum
1478 1041 1768 1096 videantur.
1806 1046 2020 1099 Addidi:
2062 1046 2190 1101 hanc

217 1151 254 1178 „
292 1135 393 1168 non
440 1111 598 1165 minus
629 1116 795 1165 mirari
837 1132 920 1166 me
952 1113 1035 1167 Cl.
1074 1115 1281 1166 Homini
1315 1112 1571 1178 excidisse,
1611 1116 1761 1184 quam
1798 1117 1823 1169 a
1855 1116 2188 1175 studiofisfimo

215 1222 251 1250 „
292 1188 387 1239 alio
435 1184 724 1239 Proseflore
761 1190 810 1240 in
860 1187 993 1239 suam
1042 1185 1242 1239 humani
1295 1190 1522 1256 corporis
1557 1191 1875 1241 Anatomiam
1925 1210 2185 1261 receptam

214 1296 248 1322 „
285 1258 408 1326 effe3
470 1278 532 1311 ex
569 1259 699 1312 bove
737 1263 869 1312 enim
901 1262 1096 1331 opinari
1129 1278 1243 1322 me,
1295 1279 1404 1312 eam
1437 1262 1703 1328 Figuram,
1743 1282 1843 1315 non
1881 1282 1941 1315 ex
1978 1263 2184 1317 homine

213 1368 251 1394 „
286 1334 581 1403 expressam.
609 1332 737 1385 esse.
776 1370 809 1395 „
866 1335 1018 1386 Nunc
1046 1349 1212 1383 autem
1251 1332 1414 1394 addo,
1465 1351 1550 1384 me
1586 1334 1748 1385 multo
1787 1339 1944 1406 magis
1983 1340 2185 1402 mirari,

215 1404 596 1475 Verheyenium
637 1424 737 1456 non
776 1405 1100 1466 intellexisse,
1154 1404 1236 1456 CI.
1272 1404 1410 1456 illum
1452 1407 1727 1459 Hominem
1769 1410 1866 1461 esse
1899 1409 2185 1474 Willifium,

212 1477 260 1527 se
304 1479 425 1529 vero
460 1476 844 1529 studiofiffimum
889 1477 1028 1529 illum
1060 1476 1432 1544 1)Γ()16ἑ1οῑ6ιῃ·7
1473 1476 1509 1528 fi
1558 1481 1692 1530 enim
1741 1481 1789 1531 id
1837 1482 2183 1549 intellexisset,

214 1547 463 1617 abjecisset
493 1551 602 1601 sane
634 1549 766 1601 illam
802 1552 1068 1617 Figuram,
1120 1566 1202 1601 aut
1233 1568 1334 1601 non
1370 1552 1621 1620 pertinere
1660 1552 1720 1603 ad
1760 1552 1975 1605 hominis
2017 1572 2184 1606 anato-

212 1640 363 1683 men,
393 1623 694 1674 monuisset.
753 1621 835 1673 Illa
869 1640 1035 1673 autem
1065 1623 1247 1690 Figura
1280 1621 1363 1673 ista
1408 1623 1509 1692 ipsa
1546 1622 1615 1675 est
1652 1640 1802 1691 quam
1834 1643 1886 1677 tu
1919 1646 2053 1678 num.
2101 1645 2181 1696 14.

215 1692 454 1746 exhibes,
560 1696 630 1745 At
676 1712 789 1756 me,
825 1692 1081 1748 Willifium
1123 1696 1382 1746 dumtaxat
1418 1698 1740 1758 innuentem,
1789 1718 1888 1751 non
1927 1700 2181 1751 intellexe-

214 1769 310 1818 rit.
348 1768 489 1820 Num
518 1764 857 1836 Malpighium
889 1781 1091 1833 quoque
1120 1784 1218 1816 non
1248 1766 1576 1829 intellexisse,
1611 1770 1906 1834 credemus,
1946 1776 2027 1841 qui
2065 1773 2181 1826 Wil-

216 1835 377 1891 lifium
413 1840 706 1891 nominatim
738 1836 1087 1906 reprehendit,
1132 1838 1358 1906 quasdam
1399 1837 1547 1906 hujus
1584 1842 1789 1910 Figuras
1818 1879 1853 1905 „
1890 1862 2091 1907 mente,
2128 1844 2180 1901 &
2206 1844 2423 1897 Op.P0sth.

217 1949 252 1975 „
290 1911 499 1963 arbitrio
534 1910 736 1962 artificis
770 1909 1073 1971 delineataS,
1108 1944 1125 1952 -
1156 1910 1208 1965 δε
1237 1909 1408 1974 fluas,
1444 1911 1802 1982 obscurasque,
1838 1951 1874 1978 „
1902 1917 2035 1981 esse,
2064 1935 2180 1988 pro-

211 1986 450 2035 nuncians
486 2023 499 2037 .
557 1984 616 2034 Iis
651 1985 786 2034 certe
820 1985 1011 2052 Figuris
1049 1981 1400 2054 Verheyenius
1444 1982 1545 2037 fine
1582 1985 1682 2037 ulla
1723 1986 2029 2042 dubitatione
2066 1991 2178 2042 usus

209 2053 306 2107 est.
360 2054 460 2106 Istae
492 2070 656 2105 autem
691 2055 800 2121 ipsae
833 2054 974 2116 sunt,
1012 2071 1132 2122 quas
1169 2072 1224 2105 tu
1260 2074 1397 2106 num.
1434 2072 1518 2121 15.
1557 2074 1792 2125 tanquam
1823 2098 1856 2122 „
1893 2062 2178 2131 elegantiffi·

213 2163 248 2190 „
284 2126 397 2188 me,
436 2124 677 2193 simulque
724 2125 1075 2177 accuratiffime
1122 2127 1420 2196 descriptas,
1469 2163 1503 2189 „
1557 2128 1704 2198 ipsius
1740 2131 1931 2183 Willifii
1978 2134 2174 2198 verbiS,
2250 2137 2359 2181 261

208 2196 503 2269 proposuisti
524 2220 536 2264 3
555 2214 671 2248 tuus
700 2215 869 2251 autem
901 2197 1130 2268 Scalptor
1158 2200 1227 2248 ita
1259 2199 1453 2264 insuper
1482 2200 1794 2270 depravavit,
1814 2220 1869 2254 ut
1905 2202 2016 2257 etim
2057 2225 2174 2259 neu-

207 2289 281 2322 tra
320 2271 595 2340 quidquam
643 2269 867 2323 ostendat
912 2288 1088 2322 eorum
1140 2286 1249 2338 quae
1282 2268 1512 2323 Willifius
1550 2275 1809 2339 pinxerat,
1848 2293 1955 2327 tum
1990 2280 2039 2328 in
2074 2278 2173 2346 pri-

206 2361 319 2405 ma,
357 2347 436 2395 cui
467 2342 696 2394 videlicet
725 2342 896 2394 littera
925 2344 988 2394 A.
1024 2341 1249 2412 apposita
1285 2340 1383 2404 est,
1414 2342 1532 2396 illud
1563 2345 1718 2415 ipsum
1748 2348 2052 2417 manift’stum
2084 2369 2173 2400 va-

195 2412 365 2481 sorum
402 2428 504 2467 rete
528 2453 545 2478 ,
609 2415 745 2484 quod
776 2433 933 2466 unum
963 2418 1012 2467 in
1042 2414 1156 2487 ipsis
1187 2414 1492 2485 Malpighius
1530 2416 1862 2488 probaverat,
1898 2425 1978 2474 vix
2015 2439 2071 2474 ac
2107 2442 2171 2475 ne

203 2490 283 2540 vix
319 2489 519 2558 quidem
556 2488 876 2557 agnoscatur.

337 2628 1524 2701 ANIMADVERSIO
1624 2636 2034 2705 XXXVII.

371 2767 469 2822 Uo
519 2768 702 2822 facilius
742 2770 860 2822 mihi
902 2771 1165 2824 ferendum
1199 2772 1296 2834 est,
1352 2774 1491 2841 quod
1530 2794 1657 2828 meae
1702 2781 1943 2845 proximae
1977 2779 2169 2847 Figurae

415 2845 495 2893 16.
537 2839 556 2906 (
603 2843 749 2893 mitto
786 2860 916 2894 nunc
953 2843 1399 2910 Explicationem)
1440 2863 1599 2897 certas
1638 2848 1867 2914 quasdam
1901 2864 2067 2916 partes
2104 2848 2168 2900 ad

433 2916 486 2966 F.
522 2912 567 2966 b.
608 2917 670 2967 A.
709 2915 776 2967 K.
818 2910 977 2968 minus
1014 2913 1115 2966 istic
1154 2915 1418 2983 diligenter
1455 2917 1719 2988 descriptas
1749 2920 1976 2985 videam,
2024 2924 2170 2991 inpri-

201 2990 388 3058 misque
426 3005 506 3039 eas
538 2986 797 3057 glandulas
832 2988 893 3040 ad
934 2987 1161 3049 OOO,
1199 3002 1317 3055 quas
1347 3006 1478 3058 ego,
1512 3007 1570 3041 ut
1595 2988 2026 3061 fhbrottmdas,&
2055 3010 2169 3043 ova-
2244 3001 2351 3045 Adv.
2377 3005 2410 3044 Ι.

203 3063 306 3124 les,
330 3057 435 3127 fid
463 3055 741 3131 compreffas
788 3059 1238 3123 esse,docueram,
1274 3063 1342 3112 ita
1378 3064 1528 3113 etiam
1558 3061 1712 3116 levius
1750 3064 2107 3119 adumbrandas
2143 3066 2171 3120 a
2193 3066 2231 3094 n.
2264 3065 2322 3101 ²5·

196 3152 318 3186 meo
352 3132 621 3205 Scalptore
687 3151 978 3187 curaveram
1008 3156 1023 3202 3
1074 3149 1187 3184 tuus
1217 3150 1385 3186 autem
1419 3152 1614 3188 tantum
1644 3135 1844 3207 singulis
1879 3138 2172 3192 umbrarum

196 3206 390 3276 addidit
425 3244 444 3274 ,
495 3221 551 3260 ut
587 3203 625 3258 fi
660 3206 723 3278 de
760 3205 991 3261 industria
1025 3206 1253 3261 inservire
1290 3206 1514 3334 sgbjec‘tae
1550 3207 1978 3266 Animadverstoni
2002 3212 2175 3337 poluis-

1416 3299 1448 3348 ἦ
2022 3301 2103 3353 et,
