2576 3607
166 411 242 460 34

93 476 146 506 De
157 468 312 514 Mascu-

93 525 141 558 lis
164 522 311 556 Accele-

93 571 279 610 rasoribus
299 599 308 609 .

461 210 532 278 38
743 193 1410 270 ADVERSARIA
1473 194 1783 252 ΑῠΝΑΤ.
1847 194 1962 253 JV.

340 315 399 365 B.
435 312 496 364 A.
532 307 584 363 δε
618 304 688 360 H.
706 306 776 359 H.
808 302 1246 357 adumbrationem
1288 305 1336 354 in
1366 302 1513 354 tertia
1547 299 1628 354 ista
1667 305 1848 373 Figura
1880 303 2015 366 vidi,
2056 301 2247 354 idcirco
2283 302 2333 355 in

342 384 475 436 hunc
507 381 792 433 sermonem
828 377 1072 448 ingressus
1101 377 1205 428 sum
1239 414 1250 428 .
1288 375 1427 428 Nam
1460 372 1600 442 quod
1640 377 1847 429 Bidlous
1877 376 2074 429 videtur
2106 374 2212 428 haec
2246 371 2333 426 ha·

342 459 462 509 bere
495 473 589 526 pro
610 449 870 524 fasciculis
907 451 934 502 a
967 449 1146 519 quibus
1178 449 1386 503 Musculi
1420 444 1705 500 Urethram
1746 449 2188 519 Comprimente8‚
2229 446 2330 500 sive

341 529 721 584 Acceleratores
759 523 1069 594 exstruantur
1098 546 1110 588 3
1164 541 1264 575 non
1295 523 1585 591 negaverim
1628 521 1833 589 quidem
1866 559 1882 585 a
1935 541 2017 575 me
2051 538 2255 591 quoque
2287 523 2337 573 in

340 602 532 671 aliquot
568 599 883 655 cadaveribus
921 615 1037 650 eum
1067 594 1352 646 fasciculum
1388 595 1678 646 rendineum
1715 595 1889 647 vidisse
1922 634 1939 658 ‚
1993 612 2048 647 ut
2085 593 2185 647 istic
2224 593 2338 647 deli-

341 692 519 729 neatur
553 713 569 738 ,
622 677 670 726 in
708 672 896 742 aliquot
932 667 1346 722 Acceleratorum
1384 664 1535 718 fibras
1576 664 1712 735 quafi
1750 665 2016 720 abeuntem
2049 692 2062 735 ·‚
2099 667 2179 719 sed
2221 665 2338 736 quid

339 747 441 801 hoc
480 748 541 800 ad
596 763 672 798 tot
709 745 821 797 alias
862 759 1039 794 eorum
1079 741 1228 793 fibras
1261 741 1284 793 ἓ
1339 734 1502 808 Qod
1543 737 1579 791 fi
1619 758 1682 792 eo
1720 741 1769 792 in
1822 739 1941 792 loco
1991 739 2339 795 Musculorurn

338 823 644 893 principium
679 815 747 869 est
797 813 1169 886 agnoscendum
1215 815 1398 881 quoin
1448 812 1570 865 loco
1614 831 1793 866 eorum
1842 814 2041 867 termini
2087 814 2339 865 firmiores

339 896 476 962 sunt3
519 910 618 959 ego
652 888 852 957 quidem
889 891 940 939 in
972 905 1031 938 ea
1069 888 1172 938 sum
1210 888 1557 956 opinione-‚ut
1597 904 1831 957 magnam
1870 887 2039 940 saltem
2077 886 2339 938 Accelera-

337 983 507 1019 torum
543 979 739 1034 partem
773 961 800 1012 a
829 958 1051 1013 nervosis
1085 961 1227 1029 penis
1263 958 1562 1028 corporibus
1601 959 2178 1023 oriri‚censeam,unde
2208 957 2341 1011 vide-

341 1039 461 1092 licet
494 1039 729 1102 utrinque
763 1034 977 1102 obliquis
1008 1031 1218 1085 demissis
1252 1031 1389 1084 fibris
1421 1033 1749 1103 *spongiosam
1788 1030 2001 1086 urethrae
2031 1032 2340 1087 substantiam

339 1112 538 1181 ejusque
574 1106 786 1160 bulbum
821 1103 1303 1176 complestentibus,
1342 1107 1390 1157 in
1425 1123 1484 1156 ea
1515 1105 1646 1159 linea
1680 1124 1787 1175 quae
1817 1108 1942 1177 saepe
1974 1107 2098 1160 effici
2132 1126 2192 1158 ex
2226 1105 2341 1176 ipsa·

337 1203 454 1237 rum
492 1182 728 1236 concursu
760 1180 888 1233 solet
918 1218 934 1243 ³
972 1176 1071 1231 hoc
1108 1177 1175 1230 est
1207 1181 1255 1231 in
1291 1179 1460 1231 medio
1498 1178 1765 1233 secundum
1798 1179 1932 1233 bulbi
1967 1179 2338 1251 longitudinem

340 1259 580 1312 finiantur
608 1278 619 1308 :
660 1270 754 1323 qua
788 1254 894 1307 sane}
926 1256 1117 1304 ratione
1149 1250 1476 1322 intelligitur,
1515 1252 1625 1306 cum
1657 1256 1716 1307 ad
1754 1253 2199 1324 constringendum
2234 1250 2337 1302 bul-

337 1331 462 1383 bum
500 1369 516 1394 ,
558 1343 935 1396 connexamque
964 1325 1222 1378 urethram
1259 1323 1622 1379 contrahuntur
1649 1366 1666 1391 ,
1722 1331 1772 1382 in
1805 1348 1867 1381 eo
1898 1330 2181 1400 sanguinem
2219 1322 2239 1389 (
2272 1322 2341 1377 ad

342 1405 484 1475 cujus
519 1405 718 1474 copiam
754 1399 994 1471 prompte
1027 1398 1413 1468 quotiescunque
1445 1415 1574 1471 opus
1606 1400 1674 1454 est
1705 1420 1800 1471 pro
1833 1403 2078 1455 celeriore
2112 1401 2340 1470 spongio-

339 1477 397 1529 sae
435 1475 706 1530 substantiae
744 1472 961 1526 urethrae
996 1511 1012 1536 ‚
1064 1471 1353 1542 glandisque
1400 1472 1529 1525 adeo
1585 1473 1879 1528 distensione
1926 1473 2338 1545 suppeditandatn

342 1549 500 1603 fastus
532 1549 633 1618 ipse
663 1546 842 1599 bulbus
873 1546 1073 1597 videtur·
1106 1548 1126 1612 )
1170 1548 1216 1595 in
1254 1544 1345 1595 hac
1365 1562 1535 1597 autem
1571 1551 1798 1611 urinam,
1839 1565 1923 1599 aut
1955 1551 2118 1598 semen
2154 1545 2342 1596 eodem

338 1639 484 1675 motu
518 1621 569 1677 δε
601 1623 938 1691 comprimere
970 1656 986 1680 ‚
1045 1615 1097 1671 ὃς
1130 1618 1407 1669 antrorsum
1463 1612 1483 1679 (
1513 1638 1630 1672 nam
1663 1619 1752 1689 ipfi
1792 1638 1996 1688 quoque
2027 1638 2137 1672 eam
2170 1614 2341 1673 versus

339 1712 538 1768 partem
573 1691 939 1746 contrahuntur
969 1692 991 1758 )
1032 1689 1093 1740 ad
1131 1690 1366 1757 glandem
1400 1693 1712 1759 compellere
1751 1731 1763 1744 .
1802 1695 1924 1747 Non
1959 1695 2145 1762 ignoro
2175 1732 2192 1755 ‚
2230 1709 2343 1742 con-

342 1773 549 1822 trarium
582 1766 740 1836 vulgo
778 1766 1076 1832 principium
1112 1759 1187 1813 his
1219 1762 1447 1814 musculis
1483 1764 1898 1835 affignari‚atqtie
1938 1765 2067 1818 adeo
2101 1763 2344 1818 Illustrem

341 1843 704 1896 Anatomicum
737 1835 950 1890 scribere
979 1874 996 1897 „,
1037 1837 1083 1887 se
1113 1836 1160 1885 in
1193 1835 1424 1906 pluribus
1459 1838 1780 1890 cadaveribus
1829 1839 1979 1892 fibras
2016 1840 2202 1908 aliquot
2240 1854 2342 1890 car-

342 1934 458 1968 neas
488 1914 664 1967 vidisse
697 1929 804 1981 quae
845 1909 905 1963 ab
939 1909 1140 1961 illorum
1181 1910 1337 1961 antica
1372 1926 1516 1979 parte
1572 1929 1664 1980 per
1700 1913 1823 1965 colis
1871 1914 2027 1966 latera
2077 1912 2142 1963 eo
2189 1912 2340 1979 usque

344 1988 693 2050 ascenderent,
731 2001 786 2037 ut
818 1986 868 2036 in
904 1984 1152 2054 praeputio
1184 1983 1338 2035 finem
1374 1982 1617 2038 haberent
1653 2026 1668 2048 ,
1706 1986 1844 2055 quod
1881 1985 2138 2038 retrahere
2170 1982 2340 2037 videli-

347 2079 428 2114 cet
459 2061 654 2132 possent
691 2097 708 2122 ‚
757 2076 820 2109 ne
854 2055 1071 2108 urethrae
1105 2056 1356 2108 orificium
1403 2055 1686 2110 obduceret
1718 2079 1789 2124 eo
1823 2059 1925 2128 ipso
1964 2076 2197 2128 tempore
2239 2072 2342 2124 quo

345 2135 497 2187 iidem
528 2149 731 2205 agentes
763 2129 967 2183 musculi
997 2131 1222 2191 urinam,
1262 2147 1346 2181 aut
1378 2131 1544 2182 semen
1577 2149 1716 2184 extra
1753 2132 1984 2185 uretham
2020 2129 2341 2200 ejaculantur.

346 2210 460 2277 Ego
494 2207 622 2261 vero
654 2223 740 2258 cur
775 2204 800 2256 a
838 2202 1132 2272 pervulgata
1169 2202 1232 2254 de
1268 2221 1444 2255 eorum
1483 2206 1625 2256 initio
1658 2205 1897 2259 sententia
1944 2206 2187 2258 discedam
2220 2240 2236 2266 a
2273 2201 2344 2254 su·

347 2298 438 2351 pra
472 2282 676 2333 indicavi
709 2303 720 2346 3
766 2275 855 2329 has
887 2292 1055 2329 autem
1091 2274 1314 2343 ipsorum
1352 2275 1502 2329 fibras
1541 2278 1692 2346 usque
1724 2280 1783 2331 ad
1820 2283 2121 2349 praeputium
2159 2276 2345 2348 produ-

347 2353 448 2408 ἕως
482 2351 593 2405 cum
630 2352 896 2423 diligenter
935 2351 985 2401 in
1020 2347 1248 2418 plurimis
1278 2348 1687 2417 perquisiverim,
1725 2355 1773 2405 in
1809 2353 1948 2405 nullo
1979 2351 2142 2406 adhuc
2171 2350 2344 2403 videre

350 2430 490 2496 potui
511 2464 528 2487 2
547 2443 709 2494 neque
742 2428 792 2476 in
832 2440 989 2475 unum
1021 2421 1239 2487 aliquem
1257 2425 1608 2476 Anatomicum
1632 2462 1648 2488 a
1678 2426 2030 2495 legend0‚aut
2060 2423 2345 2478 sciscitando

351 2500 573 2550 incidere
612 2503 694 2566 qui
725 2497 867 2551 istum
901 2498 1130 2565 praeputii
1165 2512 1366 2546 motum
1401 2498 1723 2566 agnosceret.
1760 2500 1885 2551 Illud
1919 2495 2343 2558 memini,vidil'se

352 2589 436 2623 me
475 2571 597 2622 olim
639 2575 685 2621 in
728 2590 847 2623 cane
886 2569 1011 2620 duos
1048 2584 1228 2636 parvos
1267 2569 1597 2638 triangulares
1638 2572 1883 2623 musculos
1921 2575 1966 2623 in
2005 2589 2157 2622 unum
2199 2571 2344 2621 trian-

355 2643 530 2713 gulum
572 2642 764 2710 junftos
804 2642 941 2710 cujus
979 2640 1102 2692 basis
1140 2641 1199 2691 ad
1240 2644 1318 2693 ani
1356 2641 1685 2710 sphinc‘terem
1713 2681 1729 2705 a
1767 2660 1942 2696 vertex
1978 2660 2142 2696 autem
2176 2645 2225 2694 in
2258 2641 2344 2694 ob·

352 2718 566 2786 longum
605 2716 771 2769 album
803 2713 1113 2775 funiculum,
1153 2711 1251 2766 five
1291 2715 1545 2767 tendinem
1586 2715 1990 2783 producebatur,
2030 2719 2111 2784 qui
2144 2716 2228 2768 sub
2261 2732 2343 2786 pe-

353 2809 416 2843 ne
451 2807 719 2841 excurrens
749 2827 768 2851 9
820 2784 1044 2856 dispersis
1075 2789 1278 2839 demum
1320 2788 1381 2839 ad
1414 2788 1651 2858 glandem
1683 2827 1699 2852 ,
1754 2809 1811 2842 ac
1841 2793 2139 2861 praeputium
2174 2789 2344 2851 fibris,

357 2861 611 2915 desinebat
643 2902 654 2914 .
712 2860 901 2913 Verum
936 2863 967 2911 ii
995 2860 1202 2912 musculi
1235 2877 1550 2928 nequaquam
1601 2862 1661 2914 ad
1697 2865 2074 2916 Acceleratores
2123 2878 2341 2927 quorum

358 2933 619 3005 postremae
652 2930 1068 2986 subtendebantur
1097 2933 1257 3003 parti,
1295 2933 1375 2984 sed
1407 2930 1575 3003 potitis
1609 2936 1670 2986 ad
1709 2936 1862 3004 paulo
1896 2952 2006 2987 ante
2037 2933 2341 3002 descriptum

362 3008 752 3079 Triangularem
786 3006 1066 3058 Musculum
1099 3009 1324 3075 origine,
1364 3005 1474 3059 sede
1500 3045 1517 3070 ,
1554 3006 1607 3061 &
1639 3007 1800 3074 figura
1831 3012 2079 3074 pertinere
2111 3006 2340 3059 videban-

362 3096 442 3131 tur
477 3120 489 3132 .
546 3078 801 3134 Caetertitn
848 3082 894 3130 in
935 3077 1141 3130 homine
1181 3095 1432 3146 nunquam
1486 3079 1629 3131 illum
1676 3078 2022 3151 Triangularis
2059 3081 2341 3134 fasciculum

364 3156 434 3204 ita
482 3153 691 3224 longum
726 3153 827 3207 vidi
865 3169 920 3204 ut
958 3150 1340 3204 Acceleratores
1373 3167 1592 3220 aequaret
1624 3174 1636 3219 3
1688 3149 1871 3206 horum
1920 3174 2083 3208 autem
2124 3158 2337 3207 anticam

364 3241 560 3296 partem
604 3244 710 3294 quae
745 3231 795 3279 in
837 3243 1011 3280 carnea
1066 3225 1166 3278 duo
1205 3224 1340 3295 quasi
1391 3243 1576 3282 cornua
1630 3225 1828 3282 videtur
1884 3228 1983 3283 huc
2032 3244 2181 3298 atque
2218 3228 2338 3281 illuc

2183 3302 2268 3355 dis-
