2576 3607
463 192 541 241 ες
854 182 1858 258 DJSSERTATJO

364 296 493 347 timo
549 309 755 363 quoque
801 293 939 364 septo
972 292 1197 364 angustat
1229 333 1246 358 ‚
1283 311 1433 363 atque
1461 295 1713 362 intercipit
1753 334 1766 346 .
1806 297 2035 349 Vidimus
2067 312 2343 369 propterea

363 370 414 419 in
443 367 737 422 seffionibus
780 369 1078 421 cadaverum
1127 367 1368 428 illorum,
1405 368 1492 434 qui
1541 385 1602 417 ex
1651 367 1774 419 saeva
1825 368 2092 438 pleuritide
2129 373 2177 423 in
2219 372 2348 442 peri-

364 443 760 510 pneumoniam‚
790 441 842 497 δε
889 442 1012 511 septi
1057 437 1507 493 inflammationem
1539 436 1837 503 faceflente‚
1877 442 2008 493 diem
2042 444 2178 495 suum
2218 442 2354 512 obje-

363 530 518 578 runt‚
555 533 723 567 ramos
751 533 891 567 venae
917 517 1112 584 Azygae
1146 512 1347 573 lateris,
1385 526 1488 578 quo
1535 512 1655 579 aegri
1692 511 1910 581 primum
1948 515 2216 571 doluerunt
2248 555 2265 579 ,
2301 519 2354 569 in

365 590 557 640 varices
589 586 786 655 abiisse·⁷
826 587 963 654 quod
995 586 1117 635 olim
1154 583 1239 634 lib.
1280 602 1326 635 1.
1365 583 1426 634 de
1455 584 1649 636 Morbis
1692 602 1828 636 num.
1870 587 2023 642 IL&
2060 607 2142 656 17.
2182 590 2353 641 admo-

364 662 471 712 nuit
488 663 826 731 Hippocrates
847 656 941 724 (⁴‘)
964 693 980 719 ,
1000 658 1112 723 quia
1130 656 1364 709 videlicet
1394 656 1528 707 idem
1548 657 1742 725 sanguis
1767 658 1943 709 natura
1970 659 2050 711 sua
2083 666 2351 714 acerrimus

363 732 541 796 simul,
563 733 613 788 ἃ
650 732 949 792 subcrassus7
976 728 1090 780 cum
1129 728 1192 781 ab
1222 727 1610 782 intercostalibus
1645 730 1805 800 spatiis
1836 736 2081 794 recurrit,
2119 733 2169 788 ὅ(
2201 736 2262 787 ad
2282 735 2353 787 lo-

365 825 483 857 cum
518 803 875 856 interseffionis
904 801 1091 855 horum
1121 821 1392 855 nervorum
1425 805 1699 872 pertingit,
1733 802 1953 857 stimulos
1986 808 2034 857 in
2070 807 2346 861 eorundem

361 879 543 939 fibraS,
587 875 779 929 venulis
823 878 1131 947 permixtas,
1169 874 1440 928 neceslario*
1494 877 1681 945 adigit:
1726 878 2061 945 quamobrem
2110 895 2213 930 tam
2251 880 2352 943 sui,

362 950 510 1018 quam
543 968 814 1001 nervorum
847 948 994 1020 culpa
1044 948 1295 1001 subfissens
1317 986 1334 1012 .,
1369 967 1467 1000 non
1519 950 1677 1001 solum
1717 969 1867 1002 venas
1908 950 2200 1014 tumefacit‚
2238 955 2358 1004 vari-

360 1041 442 1074 ces
476 1022 638 1075 elevat
673 1060 691 1085 2
750 1038 900 1091 atque
947 1024 998 1073 in
1030 1023 1279 1094 polypum
1313 1021 1413 1074 abit
1440 1058 1457 1084 a
1496 1021 1516 1086 (
1550 1037 1702 1090 quem
1743 1022 1917 1094 insigni
1949 1025 2292 1094 magnitudine
2329 1023 2356 1079 ὲ

360 1096 570 1148 caudice
601 1114 739 1148 venae
779 1094 879 1147 fine
909 1097 1016 1165 pari
1047 1098 1099 1147 in
1133 1113 1304 1146 cavam
1326 1132 1343 1157 2
1364 1110 1512 1162 atque
1545 1095 1605 1146 ad
1629 1096 1855 1148 dextram
1895 1097 2046 1165 usque
2081 1098 2247 1149 cordis
2280 1115 2358 1149 au-

355 1168 566 1224 riculam
619 1184 963 1240 propagatum
1012 1169 1225 1220 vidimus
1258 1166 1594 1236 superioribus
1645 1169 1819 1221 diebus
1849 1173 1898 1221 in
1938 1171 2159 1237 quodam
2193 1171 2354 1232 Viro,

360 1245 447 1312 qui
481 1261 543 1294 ex
587 1243 984 1309 praecordiorum
1034 1239 1434 1293 inflammatione
1481 1240 1716 1294 decessit:
1759 1242 1895 1310 cujus
1948 1245 2018 1294 rei
2057 1244 2197 1313 plura
2227 1242 2351 1295 olim

360 1314 624 1383 exempla,
662 1313 774 1366 cum
821 1315 1006 1367 scilicet
1054 1314 1367 1367 Nosocomia
1395 1349 1412 1375 a
1453 1311 1504 1366 <²33
1545 1315 1784 1367 cadavera
1819 1315 2140 1383 frequentare
2186 1319 2348 1386 magis

357 1385 667 1451 solebamus,
696 1406 799 1440 non
829 1388 926 1440 levi
959 1405 1074 1439 cum
1106 1388 1434 1439 admiratione
1467 1384 1794 1456 spectavimus
1824 1392 1844 1457 )
1883 1387 2055 1440 verum
2098 1391 2248 1440 etiam
2279 1393 2354 1459 ip-

357 1459 455 1511 fius
487 1460 703 1528 pleurae,
741 1479 800 1512 ac
847 1458 1236 1531 diaphragmatis
1281 1457 1593 1511 substantiam
1634 1461 1915 1513 craffiorem
1957 1462 2120 1513 reddit
2146 1499 2162 1523 ,
2203 1478 2353 1530 atque

358 1536 408 1585 in
436 1533 609 1585 iisdem
639 1534 1024 1604 suppurationes
1053 1534 1269 1585 excitat:
1309 1532 1445 1584 unde
1474 1532 1634 1584 modo
1676 1534 1882 1603 pleura,
1922 1534 2078 1586 modo
2113 1535 2351 1605 septum,

356 1602 666 1674 frequentius
711 1608 863 1658 etiam
911 1623 1124 1676 utraque
1169 1622 1285 1677 pars
1328 1604 1658 1676 pulmonibus
1691 1608 1712 1672 (
1751 1605 1803 1662 &
1838 1605 1954 1678 ipsis
1986 1607 2053 1659 ob
2087 1605 2352 1677 stagnantia

358 1677 515 1729 fluida
545 1679 682 1731 mole
713 1678 866 1732 auffis
898 1684 919 1746 )
963 1678 1216 1731 adhaerere
1251 1680 1454 1748 incipit.

433 1751 705 1804 Orificium
735 1751 940 1804 subinde
976 1749 996 1813 (
1029 1770 1083 1804 ut
1119 1752 1179 1803 ad
1211 1751 1480 1803 secundam
1513 1770 1576 1803 ex
1607 1750 1780 1804 nostris
1810 1751 2233 1804 observationibus
2270 1770 2349 1805 ve-

360 1826 589 1888 niamus)
613 1840 714 1892 quo
746 1826 929 1893 Azyga
964 1843 1078 1876 cum
1109 1823 1207 1892 ipsa
1238 1841 1353 1875 cava
1392 1823 1729 1886 inosculatur,
1768 1824 1966 1875 artificii
2001 1823 2225 1876 fimiliter
2245 1824 2352 1893 ple,-

358 1913 481 1947 num
513 1893 603 1947 est.
652 1898 790 1948 Nam
825 1894 863 1946 fi
909 1899 1201 1967 portionem
1247 1896 1410 1946 trunci
1444 1894 1597 1966 ipsius
1656 1914 1795 1948 venae
1826 1895 1928 1948 fine
1961 1900 2067 1964 pari
2096 1896 2195 1948 una
2236 1914 2350 1947 cum

357 1968 624 2037 segmento
661 1968 926 2037 superioris
959 1987 1090 2021 cavae
1118 1971 1186 2020 ita
1221 1968 1534 2031 dissecueriS,
1571 1984 1719 2035 atque
1754 1968 1783 2019 e
1839 1969 2078 2020 cadavere
2125 1970 2350 2020 detraxe-

358 2043 455 2104 ris,
491 2042 766 2108 Morgagni
804 2041 1117 2102 amiciffime,
1153 2057 1211 2091 ut
1250 2040 1449 2092 seorsim
1482 2042 1528 2092 in
1562 2056 1902 2091 memoratum
1939 2042 2133 2109 Azygae
2167 2039 2348 2092 ostium

359 2113 536 2164 oculos
588 2110 864 2181 diligentius
910 2112 1058 2181 poffis
1102 2112 1391 2180 intendere,
1433 2129 1606 2164 cernes
1655 2111 2057 2164 membranosum
2101 2111 2346 2166 fornicem

357 2183 721 2238 inosculationis
767 2184 988 2253 ejusdem
1035 2183 1295 2236 musculari
1330 2184 1548 2254 quodam
1592 2184 1902 2237 semicirculo
1935 2184 2096 2237 valide
2140 2182 2346 2241 muniri:

358 2258 494 2326 quod
541 2255 718 2309 clarius
750 2256 916 2310 adhuc
945 2259 1244 2329 perspicieS,
1276 2257 1312 2309 fi
1344 2259 1659 2325 segmentum
1691 2257 1814 2309 illud
1851 2257 2028 2309 lumini
2062 2256 2308 2325 objeceris
2329 2297 2341 2311 .

355 2331 490 2382 Nam
526 2349 590 2383 eo
626 2332 675 2383 in
705 2330 824 2383 loco
854 2330 1098 2383 fibrarum
1131 2348 1415 2400 compago3
1455 2346 1740 2399 quanquam
1785 2329 1870 2380 ubi
1916 2330 1973 2380 fit
2008 2331 2340 2393 inosculatio²

359 2403 557 2471 semper
600 2402 797 2455 firmior
840 2420 1052 2474 apparet
1089 2428 1101 2470 3
1158 2403 1354 2455 craffior
1411 2418 1578 2454 tamen
1611 2440 1629 2465 ‚
1684 2401 1736 2456 ἃ
1769 2402 2034 2453 rubentior
2072 2419 2336 2464 occurret,

357 2475 505 2542 quam
535 2475 649 2526 alibi
695 2474 901 2546 spe&ari
947 2475 1132 2527 soleat.
1175 2477 1294 2527 Hoc
1337 2491 1507 2525 autem
1555 2473 1921 2526 semicirculare
1968 2476 2339 2526 munimentum

355 2544 595 2615 phlogosi
625 2550 830 2599 omnino
861 2544 1130 2608 affefium,
1168 2547 1249 2598 seu
1282 2546 1709 2608 rubentiffimum,
1729 2565 1810 2597 me
1842 2547 2096 2615 quondam
2139 2548 2343 2600 detexis-

356 2618 403 2668 se
436 2619 677 2671 recordor
721 2623 771 2671 in
819 2618 1098 2683 nonnullis,
1134 2635 1349 2687 quorum
1397 2619 1532 2670 scisse
1579 2635 1842 2689 oporteret
1891 2617 2066 2670 statum
2108 2619 2341 2672 anteafht

355 2693 504 2753 vitae,
543 2691 594 2746 ἃ
629 2710 807 2743 eorum
842 2692 1124 2756 malorum,
1163 2708 1378 2763 propter
1410 2708 1520 2760 quae
1554 2709 1773 2743 mortem
1807 2691 2041 2759 objerunt
2063 2733 2074 2743 .
2117 2693 2215 2744 Sed
2237 2693 2341 2761 ple-

355 2779 552 2832 runque
583 2765 801 2832 Juvenes
845 2768 1136 2818 anatomicis
1179 2763 1347 2818 studiis
1393 2763 1594 2816 confuse
1640 2782 1848 2835 operam
1888 2765 2089 2833 damus3
2126 2781 2331 2835 propte-

355 2852 442 2888 rea
477 2837 541 2889 ad
576 2840 746 2889 omnia
782 2838 1044 2901 accurate,
1084 2851 1140 2890 ut
1168 2855 1298 2908 opus
1331 2837 1487 2900 esset,
1525 2856 1625 2891 non
1661 2837 1981 2907 respicimus.

430 2912 515 2964 Ne
545 2910 671 2962 vero
706 2910 1019 2976 dubitemus,
1056 2913 1177 2980 quin
1213 2927 1408 2963 textura
1437 2911 1618 2963 orificii
1662 2929 1800 2962 venae
1848 2913 2043 2981 Azygae
2075 2929 2246 2963 revera
2279 2909 2337 2961 fit

355 2982 669 3044 muscularis,
707 2984 755 3035 se
787 2984 834 3036 se
862 2983 1226 3051 inquirentibus
1253 2981 1407 3036 offert
1446 2982 1702 3054 fingularis
1749 3000 1928 3036 nervus
1962 3003 2024 3035 ex
2055 2982 2334 3036 intercosta-

357 3054 480 3106 lium
516 3055 733 3118 familia,
765 3059 849 3125 qui
882 3059 932 3108 in
963 3076 1069 3109 eam
1105 3056 1429 3109 muscularem
1460 3055 1806 3107 membranam
1846 3058 2161 3126 immergitur
2182 3095 2193 3107 .
2232 3058 2333 3116 At,

360 3128 548 3193 inquiet
609 3129 819 3197 aliquis,
858 3130 975 3199 quid
1009 3127 1160 3182 officii
1211 3128 1403 3199 praestat
1448 3125 1709 3182 istiusmodi
1747 3127 2165 3199 hemisphinfteris
2200 3143 2341 3197 appa-

2243 3200 2266 3235 ρ

2092 3217 2224 3250 rums
2241 3240 2253 3250 .

414 3298 434 3346 ff
467 3297 490 3322 '‘
518 3297 537 3347 )
568 3300 726 3341 Eodem
755 3301 854 3344 loco
882 3301 971 3353 agit
1000 3305 1133 3346 Senex
1162 3301 1214 3346 de
1242 3307 1367 3346 Venae
1395 3306 1543 3353 Azygae
1573 3299 1865 3351 convulfione,
1893 3303 1929 3342 δι
1956 3296 2122 3342 varice·
