2576 3607
587 128 622 136 Ἀ

629 211 684 267 A
704 208 981 267 εΝῐΜΑ
1001 211 1057 265 D
1077 207 1200 267 VE
1220 206 1324 279 Rs·
1345 209 1373 261 l
1398 211 1442 262 O
1520 212 1736 268 xxm.
1980 235 2050 288 41

183 322 259 376 ‘nis
286 335 375 391 per
414 314 588 368 eadem
624 318 828 367 circuitu
850 352 866 376 2
903 332 961 365 ac
994 312 1054 365 de
1086 312 1189 365 aliis
1227 312 1469 382 ejusmodi
1504 311 1654 364 rebus
1690 314 1790 366 fine
1822 334 2031 383 quarum
2065 337 2152 372 no«

186 397 285 446 titia
318 390 497 442 modus
535 404 683 456 atque
734 389 861 439 ratio
894 404 991 456 qua
1027 387 1172 438 Penis
1213 388 1458 455 contingit
1503 384 1704 438 Erestio
1737 422 1754 449 ,
1792 390 1898 440 satis
1937 391 2152 460 intelligi

184 467 212 517 a
250 464 463 515 Medicis
499 478 647 531 atque
684 461 923 530 explicari
955 477 1053 513 non
1086 458 1273 527 potest:
1310 477 1371 510 ex
1402 474 1619 526 quorum
1653 474 1820 510 tamen
1855 461 2154 531 Descriptio-

186 535 330 590 nibus
372 552 425 587 tu
459 553 523 587 ne
559 552 713 587 unum
764 535 962 602 quidem
993 531 1203 585 verbum
1251 534 1303 582 in
1342 529 1627 583 Theatrum
1676 547 1817 583 tuum
1853 531 2152 586 transtulisti.

182 613 351 677 Atque
384 624 438 659 ut
476 608 537 658 de
577 609 835 678 Cowpero
885 602 1075 658 tantum
1126 607 1285 657 dicam
1318 607 1402 672 qui
1443 604 1494 659 ὃς
1541 602 1651 674 post
1683 604 1798 656 Cel.
1845 603 2153 674 Ruyschium

182 677 369 747 scripsit
399 718 415 743 ,
471 680 523 734 δε
571 679 999 732 elaboratissimam
1048 679 1193 731 Penis
1244 678 1647 747 Descriptionem
1695 675 1948 744 exhibuit3
1989 679 2154 729 mirari
2191 684 2394 733 Myotom.

181 751 415 824 profesto
454 752 579 804 subit
612 770 707 819 qua
742 767 962 818 unquam
994 753 1181 802 ratione
1214 753 1440 817 potueris
1469 769 1553 803 eas
1587 768 1762 802 omnes
1796 752 2001 819 Figuras
2035 766 2154 818 quas
2181 736 2369 785 Append.

181 828 308 879 illius
348 827 701 894 Descriptionis
739 823 886 874 causa
924 822 1083 874 edidit.
1115 860 1132 884 a
1170 823 1478 888 describere3
1521 826 1568 872 in
1617 823 1714 891 ipsa
1761 838 1927 873 autem
1966 824 2156 877 Descri-

180 901 356 971 ptione
396 898 527 950 haud
562 898 986 957 animadvertere‚
1024 894 1174 961 quam
1212 897 1378 963 paucis
1415 895 1580 947 verbis
1619 896 1763 960 quam
1805 913 1964 959 nova,
2003 897 2158 965 quam

184 972 432 1041 elegantia
461 1008 476 1032 ‚
515 970 666 1037 quam
700 971 915 1036 denique
954 969 1102 1036 digna
1136 967 1311 1018 scribat
1343 983 1450 1035 quae
1489 969 1537 1018 in
1571 966 1704 1018 nulla
1735 971 2030 1034 Anatomica
2072 970 2158 1020 Hi·

180 1043 360 1105 storia,
396 1043 448 1097 δε
484 1041 646 1093 multo
682 1041 840 1094 minus
875 1044 923 1094 in
959 1039 1258 1111 amplissimis
1298 1043 1394 1091 tuis
1426 1038 1781 1091 Volum—inibus
1829 1045 2122 1093 omittantur
2144 1079 2155 1092 .

181 1119 250 1169 At
280 1115 446 1167 saltem
484 1118 533 1168 in
572 1133 744 1168 earum
783 1117 1078 1183 Figuramm
1111 1111 1534 1184 Explicationibus
1569 1112 1650 1163 illa
1687 1113 1947 1166 indicasses
1984 1155 1994 1166 .
2035 1112 2157 1166 Dili-

182 1203 362 1257 genter
395 1187 479 1239 ille
515 1191 704 1240 varium
738 1190 1049 1241 Arteriarum
1084 1203 1252 1238 ortum
1285 1225 1301 1250 ,
1341 1185 1393 1238 &
1430 1185 1546 1252 quid
1580 1186 1698 1238 inde
1747 1187 1978 1254 consequi
2016 1188 2160 1237 inter-

184 1263 303 1313 dum
340 1261 516 1329 poffit,
554 1261 795 1327 attendit3
837 1260 1106 1329 diligenter
1140 1277 1312 1311 earum
1351 1256 1612 1310 divisiones
1644 1293 1662 1320 .,
1703 1255 1754 1312 &
1785 1274 1895 1326 quae
1931 1257 2040 1309 loca
2073 1257 2161 1308 fin-

180 1333 287 1403 guli
321 1352 383 1385 ex
421 1334 596 1386 ordine
637 1350 809 1404 petant
840 1337 995 1395 rami,
1021 1335 1289 1403 proponit3
1320 1348 1375 1383 tu
1412 1330 1530 1380 illud
1565 1332 1787 1393 omittis,
1821 1328 1927 1382 haec
1958 1329 2080 1382 vero
2113 1332 2163 1381 in

179 1406 522 1476 Explicatione
555 1409 662 1476 Fig.
689 1426 733 1458 1.
768 1405 835 1457 sic
873 1405 1104 1457 obscuras
1119 1414 1143 1467 ,‘
1164 1421 1220 1456 ut
1249 1402 1338 1456 nisi
1374 1403 1470 1472 ipsa
1504 1404 1682 1471 Figura
1713 1401 1962 1466 obstaret,
1997 1403 2164 1455 crede-

179 1496 238 1529 re
275 1479 495 1531 Tirones
549 1482 749 1548 possent
780 1516 795 1540 ,
851 1494 958 1546 quae
1023 1480 1231 1529 Arteriae
1281 1475 1617 1530 Cavernosum
1664 1473 1911 1528 Urethrae
1959 1477 2165 1544 Corpus

182 1549 393 1602 subeunt
419 1589 434 1613 a
473 1550 733 1601 earundem
767 1553 1074 1620 praecipuum
1107 1567 1343 1601 truncum
1384 1548 1486 1598 esse
1531 1545 1630 1598 kk.
1674 1551 1757 1614 qui
1791 1547 2024 1599 videlicet
2062 1548 2165 1598 lon-

183 1625 250 1692 ge
285 1623 382 1674 alio
417 1626 665 1692 pertinet.
721 1623 804 1673 Tu
840 1623 899 1673 ad
934 1622 1153 1672 litteram
1183 1623 1218 1672 I.
1259 1636 1366 1689 quae
1400 1619 1596 1671 Venam
1641 1617 1791 1687 ipfius
1827 1619 1970 1672 Penis
2008 1617 2164 1672 osten-

188 1696 295 1756 dit„
331 1692 439 1745 haec
471 1695 639 1755 addis,
676 1696 728 1742 in
764 1710 852 1762 qua
885 1693 1094 1743 Valvulae
1125 1691 1381 1741 admodum
1404 1686 1698 1760 speerabjles
1736 1728 1752 1753 ³
1790 1689 1925 1759 quasi
1958 1690 2081 1743 vero
2114 1690 2162 1743 id

186 1762 496 1838 potissimum
541 1768 591 1817 in
629 1765 734 1835 ejus
773 1764 1103 1817 delineatione
1150 1764 1406 1833 speftasset
1453 1763 1736 1832 Conspe-rus
1769 1800 1784 1825 ‚
1821 1766 1906 1831 qui
1954 1783 2017 1814 ex
2047 1764 2163 1816 loco

177 1840 288 1909 ejus
324 1840 478 1892 Venae
508 1876 524 1901 a
565 1838 856 1890 transeuntis
890 1837 1124 1890 videlicet
1167 1836 1255 1889 sub
1308 1834 1454 1906 pubis
1491 1836 1624 1898 osse,
1674 1834 1977 1888 ereflionem
2025 1837 2165 1903 penis

185 1932 366 1984 magna
404 1931 465 1964 ex
505 1929 596 1981 par
612 1928 664 1964 te
692 1912 927 1975 deducit,
969 1911 1089 1963 dum
1130 1910 1308 1962 scilicet
1339 1927 1397 1961 ea
1434 1926 1557 1960 vena
1593 1907 1618 1959 a
1650 1908 1882 1960 Musculis
1920 1907 2167 1961 Erefflori·

182 1986 272 2038 bus
307 2001 480 2038 contra
510 1984 629 2037 illud
669 2004 727 2037 os
773 2001 983 2054 urgetur
1013 2022 1029 2047 ,
1069 2000 1221 2052 atque
1254 1984 1321 2034 ita
1358 1982 1636 2052 compressa
1680 1981 1899 2033 reditum
1942 1981 2166 2048 sanguini

183 2076 277 2129 per
310 2060 357 2109 se
391 2058 675 2109 intercludit
696 2097 707 2108 .
748 2058 924 2120 Qiem
959 2074 1127 2108 tamen
1161 2072 1217 2107 ut
1247 2055 1578 2123 intelligamus
1610 2072 1709 2105 non
1763 2070 1929 2105 totum
1964 2068 2165 2122 propte-

189 2149 278 2182 rea
309 2134 436 2182 intra
466 2130 612 2179 Penis
644 2131 880 2198 Corpora
912 2146 1028 2180 tunc
1056 2127 1338 2189 subsistere,
1378 2143 1525 2194 quam
1557 2130 1787 2177 nimirum
1819 2125 1887 2176 ob
1920 2144 2026 2177 rem
2061 2124 2166 2196 pos-

188 2204 259 2256 set
293 2200 641 2264 concrescere,
678 2199 730 2255 δε
767 2204 818 2252 in
850 2218 1058 2269 grumos
1089 2200 1258 2259 abire,
1297 2199 1486 2250 idcirco
1522 2199 1691 2250 Venas
1731 2198 1964 2266 Praeputii
1996 2199 2063 2250 K.
2083 2198 2163 2249 de-

180 2276 413 2337 lineavit,
459 2290 552 2343 per
587 2290 703 2340 quas
741 2273 973 2325 videlicet
1027 2291 1138 2324 cum
1174 2275 1341 2340 priore
1394 2274 1817 2322 communicantes
1851 2288 1964 2340 pars
2002 2270 2163 2336 aliqua

184 2349 426 2418 sanguinis
455 2350 642 2398 interea
677 2346 850 2397 reduci
886 2344 1077 2415 potest.
1117 2342 1252 2397 Cum
1285 2343 1408 2395 vero
1446 2345 1704 2408 proximos
1734 2342 1954 2412 lymphae
1987 2340 2162 2392 dutstus

182 2424 341 2490 pinxit
379 2458 396 2481 a
433 2417 769 2487 conjeffluram
811 2419 999 2470 addidit
1044 2416 1190 2471 valde
1228 2414 1568 2485 probandam,
1608 2415 1790 2466 scilicet
1827 2414 1861 2465 fi
1898 2431 1951 2465 ut
1982 2413 2059 2464 alii
2101 2431 2163 2464 ex

183 2491 506 2544 inferioribus
552 2492 773 2560 partibus
817 2489 1041 2561 lymphae
1076 2488 1252 2541 duflus
1283 2492 1539 2541 venientes
1570 2526 1586 2551 ³
1626 2491 1690 2539 ita
1742 2487 1793 2541 ἃ
1830 2484 1878 2537 hi
1911 2487 2165 2555 proximas

185 2565 458 2634 inguinales
494 2564 753 2634 glandulas
785 2564 987 2616 subeant
1024 2601 1039 2625 ‚
1079 2561 1207 2613 hanc
1239 2579 1425 2632 nempe
1456 2561 1867 2630 expeditissimam
1900 2560 1999 2610 esse
2032 2561 2159 2610 viam

185 2655 275 2706 per
310 2654 458 2706 quam
500 2656 563 2688 ex
598 2655 727 2706 pene
766 2638 822 2689 ad
857 2655 939 2689 eas
979 2634 1235 2704 glandulas
1279 2652 1505 2687 venereae
1534 2636 1654 2686 Luis
1684 2636 1892 2686 materia
1933 2630 2161 2683 bubones

187 2712 468 2760 excitatura
501 2711 848 2763 transducatur
869 2749 879 2760 .
933 2709 1031 2760 Sed
1080 2710 1314 2759 nimirum
1348 2727 1446 2760 non
1479 2708 1528 2759 id
1570 2707 1713 2758 nobis
1747 2704 2054 2775 propositum
2095 2700 2160 2753 est

186 2782 320 2848 quod
358 2797 559 2831 tuarum
592 2785 760 2841 certe,
797 2782 891 2831 Vir
944 2781 1026 2832 Cl.
1052 2779 1213 2831 fuerat
1244 2784 1491 2848 partium,
1529 2779 1769 2846 quidquid
1801 2780 2078 2842 Cowperus
2109 2776 2158 2825 in

184 2870 244 2903 ea
280 2852 631 2920 Descriptione
663 2851 953 2919 proposuit,
989 2852 1210 2899 indicare
1241 2874 1253 2915 3
1291 2868 1616 2900 veruntamen
1648 2867 1710 2898 ex
1740 2847 1815 2896 his
1847 2848 2013 2913 paucis
2051 2861 2160 2914 quae

187 2925 300 2975 data
332 2923 393 2973 ab
425 2941 520 2975 una
569 2925 748 2992 Figura
780 2919 1040 2971 occasione
1091 2922 1479 2971 memoravimus
1509 2957 1525 2981 ,
1564 2919 1627 2971 de
1665 2920 1848 2970 caeteris
1889 2933 1996 2985 quae
2030 2915 2056 2967 a
2109 2935 2159 2967 te

187 2997 291 3048 sunt
324 2997 523 3057 omissa,
563 2993 899 3061 conjesturam
929 2990 1092 3042 facere
1122 2991 1305 3044 Leitor
1338 2995 1526 3061 poterit
1561 3032 1572 3042 .
1663 2993 1715 3042 In
1750 2988 1998 3060 postrema
2030 2990 2160 3041 deni-

191 3085 290 3137 que
325 3066 520 3118 Tabula
549 3068 659 3119 LX
684 3069 751 3118 X.
787 3064 924 3133 quod
958 3065 1020 3115 ad
1070 3067 1314 3116 internam
1366 3068 1540 3117 attinet
1583 3062 1916 3116 testiculorum
1960 3060 2161 3114 staffilu-

189 3159 329 3203 ἴῃῖῃ,
366 3157 418 3191 tu
455 3138 654 3206 quidem
694 3138 837 3206 plura
872 3155 935 3187 ex
964 3136 1146 3189 Bidloo
1181 3138 1416 3205 adducis·⁷
1467 3138 1546 3190 sed
1576 3139 1685 3204 quis
1724 3136 1969 3205 explicat³
2009 3150 2160 3201 atque

192 3216 319 3269 adeo
351 3213 459 3283 quis
491 3209 738 3280 explicare
786 3226 1008 3279 unquam
1057 3208 1202 3280 poffit
1236 3210 1352 3280 quid
1401 3209 1486 3263 fibi
1523 3210 1606 3266 ille
1652 3207 1770 3262 velit
1806 3208 1987 3260 crassus
2027 3204 2160 3275 quasi

1414 3285 1450 3334 F
2008 3299 2086 3332 an-
