2576 3607
466 230 544 268 20
731 193 1408 280 ADVERSARJA
1479 206 1786 265 ΑῡΝΑΤ.
1850 208 1966 267 JV.

369 315 644 385 plicatione-
679 314 847 367 addidi
866 310 1018 382 :stent
1044 316 1102 364 in
1132 308 1273 382 hujus
1298 315 1439 383 penis
1473 330 1638 364 corona
1668 312 2037 387 dzſjaonebantur
2057 356 2069 369 .
2187 312 2354 384 Qiod

366 405 536 441 autem
573 386 791 456 subjicit:
829 423 864 450 „
898 389 1007 439 Imo
1037 388 1086 438 in
1119 385 1442 438 cadaveribus
1474 389 1647 448 variiS,
1682 389 1766 441 ubi
1799 391 1934 444 nulla
1967 389 2165 462 prorsus
2197 388 2355 440 oculo

363 495 399 524 „
434 461 730 533 scalproque
762 458 1097 513 occurrebant
1131 475 1346 528 corpora
1382 456 1661 527 hujusmodi
1702 462 1906 517 sebacea
1940 501 1957 528 ,
1994 463 2271 516 meminisse
2307 460 2355 513 se

365 571 405 598 „
443 537 707 588 materiam
740 533 878 586 illam
909 535 1036 586 inter
1055 549 1292 584 coronam
1329 529 1379 586 δέ
1410 535 1714 602 praeputium
1748 537 2146 590 animadvertisse
2188 536 2360 603 copio-

360 645 403 673 „
437 609 538 661 sam
566 644 583 671 ,
621 624 731 674 quae
764 622 1002 675 tanquam
1037 622 1062 655 a
1115 603 1352 657 difflarum
1398 604 1753 673 glandularum
1789 610 2089 679 scaturigine
2131 607 2356 663 extillata

365 717 401 746 „
435 700 533 753 pro
565 680 744 748 majori
774 679 1053 732 eorundem
1087 694 1357 743 corporum
1395 675 1660 730 existentiae
1697 683 2139 749 comprobatione,
2163 681 2224 734 ab
2253 682 2357 733 Au-

366 791 402 819 „
437 755 586 808 thore
618 769 959 819 memoratur3
999 788 1038 813 „
1071 765 1236 817 neque
1272 749 1383 801 satis
1417 766 1550 818 queo
1585 753 1789 817 mirari,
1811 750 1900 822 qui
1936 755 2144 809 scribere
2182 770 2359 825 potue·

366 830 463 891 rit,
502 828 551 880 id
587 828 612 878 a
646 845 729 878 me
749 825 830 877 fob
861 842 971 876 eam
1007 825 1196 875 causam
1229 823 1329 875 esse
1364 841 1739 889 memoratum,
1775 826 1978 894 quando
2010 829 2239 881 omnibus
2273 826 2360 894 qui

365 909 480 952 mea
528 898 822 951 Adversaria
867 898 1116 968 inspiciant
1146 933 1162 959 ,
1199 913 1307 950 rem
1336 894 1489 967 longe
1526 897 1672 950 aliter
1703 900 1750 951 se
1790 898 2008 962 habere,
2046 902 2358 971 perspicuum

366 971 435 1023 est
457 1009 474 1033 ,
512 970 565 1025 ὅ(
603 972 831 1040 quamvis
866 970 934 1022 ob
967 989 1076 1022 eam
1113 970 1307 1021 causam
1342 973 1728 1036 memorassem,
1768 992 1935 1027 nonne
1969 973 2050 1025 vel
2099 994 2163 1026 ex
2197 969 2359 1024 modo

364 1043 592 1096 indicatis
638 1042 828 1097 constat
858 1083 874 1106 ,
912 1061 1022 1113 quae
1051 1042 1311 1097 tubercula
1344 1047 1391 1097 in
1432 1063 1614 1099 corona
1647 1046 1888 1110 deerant,
1926 1066 1982 1099 ea
2015 1049 2064 1099 in
2108 1047 2360 1118 praeputio

364 1117 468 1169 esse
504 1118 720 1187 potuisse
750 1118 776 1170 ἓ
816 1117 982 1182 Quod
1022 1116 1056 1169 fi
1088 1137 1150 1170 ne
1183 1120 1233 1168 in
1263 1115 1364 1170 hoc
1401 1121 1604 1188 quidem
1643 1120 1747 1172 ullo
1787 1120 1946 1173 modo
1986 1121 2271 1191 conspicere
2306 1117 2364 1170 li-

365 1190 586 1257 cuisset,
627 1210 728 1243 non
763 1206 1037 1262 propterea
1070 1191 1193 1242 illud
1240 1190 1355 1243 tuto
1396 1194 1577 1246 confici
1619 1211 1850 1264 poterat:
1889 1212 2016 1264 ergo
2050 1193 2185 1244 nullo
2229 1188 2364 1243 modo

363 1258 633 1317 dabantur.
672 1265 862 1332 Neque
897 1267 1031 1316 enim
1062 1266 1111 1316 in
1145 1263 1388 1333 ejusmodi
1424 1269 1692 1335 praesertim
1730 1267 1880 1320 rebus
1913 1285 2107 1321 rantum
2142 1265 2261 1319 mihi
2292 1264 2364 1316 su-

363 1354 455 1389 mo
485 1375 502 1399 ,
545 1353 787 1404 quantum
821 1336 918 1389 Vir
956 1337 1040 1390 Cl.
1093 1336 1183 1390 isto
1232 1340 1281 1391 in
1319 1337 1437 1391 loco
1476 1340 1676 1409 tribuit·²
1713 1379 1747 1406 „
1802 1340 1866 1394 sic
1896 1379 1912 1406 ,
1949 1345 2135 1411 inquit,
2174 1339 2326 1393 habet
2345 1356 2359 1388 -:

363 1447 399 1474 „
436 1410 646 1461 Glandes
685 1413 836 1460 etiam
869 1410 1014 1474 vidi,
1050 1414 1103 1462 in
1134 1407 1300 1482 quibus
1330 1412 1464 1463 nullo
1503 1413 1637 1464 modo
1673 1412 1872 1484 conspici
1899 1427 2148 1487 poterant3
2190 1430 2299 1483 quae
2335 1409 2364 1463 a

364 1520 403 1547 „
448 1502 548 1535 tam
588 1501 825 1536 accurato
875 1487 1161 1538 anatomico
1197 1485 1395 1553 prolata
1431 1486 1605 1539 sonare
1652 1489 1887 1557 possent:
1940 1492 1993 1539 in
2023 1483 2190 1557 quibus
2232 1484 2365 1537 nullo

364 1592 399 1621 „
437 1555 581 1606 modo
618 1552 892 1608 dabantur.
932 1594 965 1620 „
1022 1561 1148 1610 Satis
1179 1575 1399 1626 namque
1440 1560 1705 1629 intelligo,
1747 1562 1888 1628 posse
1926 1562 1975 1611 in
2013 1559 2261 1612 nonnullis
2301 1575 2361 1610 ea

364 1627 640 1681 tubercula
672 1628 751 1681 vel
785 1628 1003 1701 plurima
1038 1631 1171 1693 esse,
1210 1627 1277 1681 fic
1308 1647 1509 1695 tamen,
1547 1649 1601 1683 ut
1631 1632 1832 1686 Natura
1866 1649 2106 1700 quantum
2148 1649 2362 1685 numero

363 1702 538 1765 addit,
567 1719 762 1755 tantum
783 1738 800 1764 ,
829 1719 885 1754 ut
917 1703 1073 1765 solet,
1108 1704 1435 1770 magnitudini
1468 1703 1728 1766 detrahat,
1765 1721 1915 1772 atque
1947 1704 2121 1755 eadem
2157 1719 2362 1773 propte-

364 1793 449 1827 rea
484 1793 586 1826 non
620 1776 742 1825 meis
777 1776 1068 1837 dumtaxat,
1106 1775 1187 1826 sed
1223 1774 1378 1845 longe
1408 1779 1567 1846 magis
1604 1775 1972 1848 perspicacibus
2009 1776 2165 1829 oculis
2196 1780 2361 1851 incon-

364 1848 531 1917 spicua
565 1846 770 1898 reddat.
872 1846 1038 1900 Porro
1078 1848 1213 1917 quod
1249 1864 1417 1900 tacere
1452 1850 1702 1918 se,dicit3
1733 1887 1767 1913 „
1797 1850 2006 1913 TaceO,
2038 1853 2363 1920 inquit,nun-

364 1915 400 1983 „
438 1937 586 1988 quam
618 1923 667 1970 in
705 1919 939 1972 mentulis
975 1940 1074 1973 non
1114 1919 1358 1973 morbidis
1396 1922 1726 1976 animadverti
1774 1924 1917 1994 posse
1951 1924 2124 1994 plures
2155 1923 2259 1975 illas
2295 1925 2363 1978 su-

355 2029 400 2056 .„
440 1991 716 2063 perpofitas
756 1994 901 2045 series
948 1993 1273 2062 granuloru-in
1321 1993 1604 2060 hujusmodi
1645 2029 1660 2059 ,
1693 2016 1759 2050 ex
1805 1995 2061 2067 supposito
2087 2035 2103 2059 ,
2142 1996 2364 2050 sebaceo-

359 2102 400 2129 „
438 2084 577 2132 rum,
621 2065 821 2134 qualeS,
854 2082 910 2118 ut
942 2067 994 2122 δέ
1024 2066 1315 2134 frequenter
1347 2066 1518 2120 obvias
1548 2069 1882 2122 solertiffimus
1921 2073 2232 2123 anatomicus
2272 2089 2358 2122 no-

364 2173 400 2202 „
440 2137 535 2191 ster
567 2138 818 2205 describit,
858 2176 893 2201 „
931 2143 1119 2192 utinam
1152 2159 1327 2193 revera
1362 2144 1620 2194 tacuisset.
1671 2142 1794 2196 Non
1828 2145 1982 2195 modo
2018 2146 2148 2195 enim
2184 2144 2212 2193 e
2246 2162 2360 2196 con-

367 2214 525 2263 trario
556 2210 675 2263 mihi
702 2211 836 2264 forte
869 2216 1078 2281 contigit
1111 2251 1128 2275 ,
1168 2230 1224 2265 ut
1255 2213 1427 2282 plures
1461 2213 1568 2267 istas
1615 2216 1762 2266 series
1800 2232 2053 2286 nunquam
2091 2214 2180 2268 nisi
2211 2218 2258 2268 in
2297 2217 2362 2270 sa.

368 2284 568 2336 niffimis
598 2284 862 2354 glandibus
892 2286 1118 2337 viderem
1151 2309 1163 2353 3
1202 2287 1283 2337 sed
1324 2285 1376 2340 ὃ(
1404 2287 1526 2340 illud
1562 2291 1811 2357 contigit,
1852 2306 1909 2339 ut
1948 2288 2062 2339 cum
2096 2288 2321 2340 viderem
2343 2327 2361 2355 ,

375 2359 411 2408 ii
443 2358 550 2409 Viri
582 2358 862 2426 plerunque
895 2359 1118 2410 adessent
1151 2358 1359 2425 quibus,
1383 2376 1438 2409 ut
1472 2379 1554 2411 me
1586 2360 1798 2411 maxime
1830 2360 2079 2427 puderet,
2100 2358 2135 2411 fi
2173 2364 2363 2430 persua-

372 2430 479 2481 deri
518 2432 710 2499 posset,
750 2432 799 2482 id
834 2432 972 2498 quod
1009 2449 1109 2498 ego
1152 2448 1243 2482 ceu
1269 2431 1568 2501 frequenter
1604 2429 1800 2482 obvium
1851 2430 2100 2504 descripsi,
2138 2435 2188 2486 in
2226 2434 2364 2489 resfte)

372 2501 646 2554 constitutis
678 2502 901 2571 subjetstis
932 2504 1272 2555 animadverti
1306 2522 1548 2573 nunquam
1576 2502 1737 2575 posse·⁷
1782 2504 1849 2556 fic
1879 2505 2149 2576 plurimum
2188 2507 2364 2574 laetor,

373 2572 511 2641 quod
544 2576 624 2626 vel
658 2579 708 2625 in
745 2579 968 2627 minutiis
1012 2574 1285 2647 hujusmodi
1318 2575 1435 2629 nihil
1472 2580 1666 2629 temere
1700 2582 1727 2629 a
1778 2597 1858 2630 me
1894 2581 1995 2631 esse
2031 2581 2365 2650 descriptum,

371 2646 748 2699 iuculentiffime
785 2648 1224 2702 demonstraverim
1246 2689 1256 2700 .
1289 2651 1427 2701 Nam
1464 2666 1521 2702 ut
1557 2650 1670 2702 alibi
1702 2650 1931 2704 laudatos
1948 2656 2153 2706 Amicos
2185 2652 2238 2709 δε
2268 2657 2364 2707 Βο-

364 2719 666 2782 ’ῂοῃέεηίὲε,
705 2717 757 2775 &
795 2722 1023 2774 Venetos
1069 2740 1201 2774 nunc
1230 2725 1500 2787 omittam,
1541 2739 1755 2791 quorum
1794 2724 1860 2776 illi
1908 2728 1957 2778 in
1988 2727 2241 2795 suspendio
2282 2746 2363 2780 ne-

366 2808 642 2855 scatorum,
680 2791 728 2843 hi
766 2793 890 2844 vero
920 2798 968 2845 in
1004 2795 1136 2848 forte
1175 2796 1457 2849 occisorum
1497 2796 1794 2865 corporibus
1829 2800 1896 2848 ita
1933 2800 2262 2868 undequaque
2299 2800 2363 2852 sa-

372 2868 450 2918 nis
484 2881 537 2915 ut
575 2863 862 2933 pulchriora
908 2887 1007 2921 non
1041 2870 1280 2920 secuerim
1312 2906 1328 2931 ,
1367 2887 1450 2919 eas
1484 2886 1684 2919 mecum
1735 2870 1907 2939 plures
1944 2873 2090 2923 series
2125 2872 2361 2927 viderunt

372 2954 500 3006 quas
532 2937 617 2989 iste
655 2942 720 2988 ait
755 2943 802 2990 in
843 2939 1080 3004 ejusmodi
1117 2940 1341 3006 subjeffiis
1369 2940 1712 2992 animadverti
1745 2959 1987 3009 nunquam
2018 2938 2171 3012 paffe3
2211 2949 2358 2999 etiarn

373 3029 535 3080 nuper
567 3010 799 3079 Collegis
834 3016 960 3062 meis
991 3015 1305 3066 Amiciffimis
1342 3014 1596 3065 Primariis
1625 3049 1641 3074 ,
1682 3031 1740 3065 ac
1774 3013 2135 3067 Celeberrimis
2169 3017 2360 3070 Profes-

375 3083 563 3135 {oribus
596 3086 818 3137 Antonio
856 3083 1242 3147 Vallisnerio,&
1272 3087 1450 3153 *loanni
1481 3087 1721 3140 Gratiano
1755 3104 1926 3138 earum
1958 3105 2174 3157 quatuor
2206 3091 2359 3143 oslen-

379 3157 430 3209 di
466 3160 515 3209 in
553 3160 663 3210 viro
696 3174 849 3225 quem
891 3156 1028 3209 nullo
1064 3157 1151 3210 nisi
1183 3161 1354 3228 capitis
1391 3158 1572 3211 morbo
1617 3157 1894 3222 laborasse,
1932 3162 2210 3216 constabat.
2268 3167 2360 3216 Su-

375 3233 582 3301 -periore
615 3246 782 3285 autem
818 3248 945 3285 anno
983 3231 1199 3286 totidem
1225 3233 1369 3288 series
1402 3230 1666 3288 monstravi
1698 3232 1921 3306 pluribus
1951 3237 2218 3297 Medicinae
2252 3238 2353 3292 Do.

2145 3310 2288 3365 &rori-
