2576 3607
459 234 537 289 34
772 206 1443 287 ADVERSARJA
1505 205 1821 266 AwAT.
1869 204 1940 267 V.

353 362 387 389 „
427 319 658 373 vularum
702 315 963 372 tubercula
1009 319 1307 388 propagari.
1335 355 1370 380 „
1406 312 1608 368 Sincere
1655 330 1826 369 tecum
1874 335 2053 388 agam,
2091 317 2333 390 Mangete
2409 304 2414 309 i

357 395 708 452 Ornatiffime.
748 394 908 463 Supra
942 391 1149 462 quidem
1185 390 1405 450 credidi,
1435 389 1487 440 in
1521 405 1621 440 non
1654 386 1854 452 multis,
1893 408 1942 444 at
1976 393 2027 445 in
2062 392 2255 462 aliquot
2276 409 2345 445 ta.

355 489 474 522 men
502 468 708 522 valvulis
739 466 842 518 suas
869 466 1029 536 ipsum
1047 462 1412 515 observationes
1442 458 1729 526 instituisse3
1767 459 1852 516 hic
1878 463 2003 517 vero
2040 467 2190 518 nimis
2224 483 2344 536 pau-
2397 514 2402 522 ,

356 563 436 596 cas
468 543 723 613 inspexisse
753 539 912 592 videri
943 533 1133 608 potest.
1173 538 1284 604 Ego
1326 535 1462 586 enim
1494 534 1578 601 qui
1627 549 1705 585 tot
1739 533 1962 603 inspexi,
1999 554 2151 607 atque
2185 538 2341 593 osten.

357 619 440 679 di,
477 618 561 669 vix
588 630 866 687 perpaucas
897 611 1112 662 Arteriae
1143 609 1342 677 Magnae
1377 604 1592 658 valvulas
1626 606 1915 676 inspexisse,
1954 627 2040 662 aut
2079 610 2353 665 ostendisse

357 692 597 751 memini,
640 692 686 740 in
721 684 900 752 quibus
943 683 994 733 id
1040 681 1198 748 ipsum
1239 680 1426 749 quod„
1465 678 1668 734 obvium
1702 678 1792 731 fibi
1823 698 2082 751 nunquam
2112 684 2346 750 fuisse,„

355 762 775 826 asterit‚0bvium
804 754 1181 817 mihi,omnino
1214 771 1383 806 autem
1417 756 1707 823 paucas,in
1745 752 1925 823 quibus
1961 755 2164 809 obvium
2185 761 2339 811 etiam

353 836 429 889 his
467 837 551 903 qui
602 829 884 891 adstabant,
923 847 1025 880 non
1077 825 1258 879 fuerit.
1298 827 1551 896 Qinimo
1597 827 1745 889 vide,
1782 827 1983 896 quaesO,
2021 828 2339 902 Verheyenii

354 908 773 975 descriptionem,
810 901 862 956 δέ
891 903 1127 971 Figuram
1158 901 1478 970 descriptioni
1505 900 1893 968 respondentem
1916 939 1929 954 .
1967 903 2156 956 Nonne
2186 907 2236 957 in
2254 905 2339 956 illa

359 996 596 1048 tanquam
629 978 693 1030 de
725 994 779 1026 re
801 974 1160 1046 perpetua,de
1181 972 1558 1029 iisvalvularum
1577 971 1715 1025 fibris
1733 972 2011 1042 loquitur„
2026 974 2203 1028 locatis
2236 994 2343 1029 ma-

348 1092 383 1118 „
419 1056 494 1123 gis
527 1047 839 1104 transverfim
871 1083 888 1089 -
931 1064 1137 1116 quarum
1171 1047 1397 1118 plurimae
1428 1049 1729 1099 conveniunt
1759 1049 1812 1099 in
1849 1047 2021 1102 medio
2056 1048 2234 1113 limbi,
2257 1051 2342 1119 qui

340 1166 384 1193 „
421 1128 448 1179 a
481 1126 637 1178 corde
667 1125 913 1175 remotior
945 1119 1047 1184 est,
1086 1119 1171 1175 ubi
1200 1122 1453 1189 reperitur
1492 1119 1708 1172 nodulus
1740 1119 1877 1188 quasi
1912 1120 2210 1186 tendineuS,
2252 1124 2340 1193 qui

347 1239 381 1267 „
419 1216 631 1271 apparet
660 1197 907 1250 formatus
942 1213 1005 1245 ex
1035 1194 1203 1249 iisdem
1236 1192 1329 1244 illis
1376 1191 1546 1256 fibris,
1583 1192 1753 1247 saltem
1788 1212 1960 1249 earum
1996 1192 2131 1247 haud
2165 1199 2337 1267 paucis

346 1312 382 1340 „
418 1274 604 1326 ibidem
636 1267 1134 1330 concurrentibus?„
1172 1269 1363 1322 Nonne
1399 1265 1567 1328 addit,
1602 1281 1847 1335 praeterea
1876 1268 1971 1331 se„
2010 1270 2246 1322 invenisse
2278 1272 2329 1322 in

348 1385 382 1411 „
420 1363 639 1416 utroque
668 1344 830 1399 latere
860 1340 1069 1395 valvulae.
1100 1356 1202 1393 tres
1246 1339 1401 1393 fibras
1436 1338 1690 1392 craffiores
1725 1335 1748 1405 (
1780 1339 2047 1408 aliquando
2085 1345 2134 1396 in
2168 1342 2334 1396 altero

345 1458 379 1484 „
416 1421 574 1472 latere
611 1414 804 1472 tantum
839 1416 960 1468 duas
992 1418 1013 1484 )
1049 1432 1108 1465 ac
1142 1415 1430 1477 firmioreS,
1465 1448 1483 1461 ψ
1512 1410 1764 1468 valvulam
1803 1411 2010 1483 oblique
2043 1431 2345 1484 percurren-

343 1531 377 1557 „
414 1510 490 1545 tes
521 1491 688 1545 versus
717 1489 994 1551 nodulum,
1036 1490 1086 1543 in
1118 1505 1221 1557 quo
1267 1485 1522 1554 desinunt,
1561 1484 1615 1541 &
1659 1485 1863 1555 quidem
1912 1487 2181 1556 aliquando
2221 1506 2340 1541 con-

350 1604 385 1630 „
421 1569 680 1619 venientes
712 1579 980 1632 antequam
1010 1561 1254 1614 nodulum
1286 1563 1528 1632 attingant
1548 1561 1622 1622 ἓ),
1660 1559 1804 1626 Qid
1825 1578 1952 1630 ergo
1987 1561 2120 1614 aliud
2152 1559 2220 1614 est
2253 1560 2336 1615 illa

343 1656 496 1712 quam
529 1658 620 1691 nos
653 1640 934 1708 pinximuS,
963 1672 1005 1697 „
1046 1634 1385 1705 duplicatura,
1423 1651 1478 1687 ut
1523 1632 1978 1687 Animadversionis
2026 1634 2222 1689 Austor
2251 1653 2338 1687 vo-

344 1750 380 1776 „
418 1730 529 1776 cat,
569 1711 596 1764 ἐι
629 1709 894 1766 tuberculo
929 1711 1165 1777 utrinque
1198 1707 1456 1778 eleganter
1485 1705 1829 1764 descendens?
1861 1745 1897 1770 „
1936 1725 2020 1759 aut
2058 1709 2177 1775 quid
2198 1707 2335 1760 aliud

341 1781 643 1856 potiffimum
689 1782 902 1839 ostendit
950 1780 1070 1833 illud
1121 1781 1448 1836 curvilineum
1495 1779 1799 1848 triangulum
1853 1780 1989 1847 quod
2047 1782 2098 1831 in
2132 1778 2336 1850 fingulis

337 1859 542 1911 valvulis
576 1873 668 1925 per
718 1874 777 1907 ea
825 1853 1008 1925 punsta
1057 1855 1415 1914 indicavimus,
1453 1849 1539 1905 nisi
1573 1851 1710 1920 quod
1746 1851 1805 1905 ad
1858 1849 2109 1922 appositas
2143 1852 2333 1907 litteras

339 1927 457 1980 bbb
476 1930 501 1983 a
521 1928 665 1983 nobis
694 1928 998 2000 explicatum
1029 1925 1178 1990 est„,
1201 1924 1533 1980 Valvularum
1562 1924 1745 1975 scilicet
1778 1922 1932 1977 fibras
1962 1941 2162 1978 carneas
2182 1964 2199 1988 ,
2221 1943 2335 1996 qua-

337 2042 372 2068 „
409 2022 518 2055 rum
551 2001 740 2071 aliquot
775 2002 838 2054 ad
875 2000 1188 2071 Corpuscula
1220 2001 1544 2069 pertingunt:
1572 2034 1608 2059 „
1646 2012 1768 2067 quas
1821 1997 2032 2065 quidem
2064 1998 2216 2050 fibras
2249 2000 2332 2051 de-

335 2077 598 2129 scribentes
630 2074 742 2130 ctlm
773 2077 822 2130 in
855 2072 987 2124 bove
1024 2071 1240 2142 primum
1289 2070 1661 2131 docuissemus,
1689 2106 1726 2133 „
1759 2067 2071 2121 transversim
2109 2087 2201 2140 per
2235 2070 2335 2124 val-

334 2189 372 2216 „
406 2149 544 2203 vulas
594 2147 655 2203 ab
711 2147 889 2204 harum
934 2145 1173 2201 lateribus
1219 2145 1480 2214 promitti,
1520 2141 1573 2198 Sc
1602 2142 1701 2193 esse
1735 2138 1936 2194 istarum
1975 2142 2103 2213 saepe
2136 2143 2334 2213 aliquot

333 2261 368 2288 „
405 2240 514 2292 quae
551 2222 611 2274 ad
644 2221 784 2277 limbi
821 2218 1058 2289 angulum
1100 2217 1285 2272 sursum
1319 2216 1565 2288 protensae
1611 2214 1916 2284 descriptum
1969 2215 2036 2267 ibi
2072 2218 2335 2290 corpuscu-

332 2335 366 2361 „
405 2297 509 2349 lum
542 2294 756 2363 ‚faciunt3
789 2332 823 2358 „
859 2309 972 2344 turn
1018 2291 1356 2345 subdidimus:
1390 2327 1424 2352 „
1461 2304 1628 2357 neque
1661 2288 1937 2341 admodum
1971 2287 2249 2344 absimilem
2280 2294 2335 2344 in

332 2407 366 2432 „
405 2369 548 2421 nobis
581 2368 679 2424 esse
711 2366 991 2422 eorundem
1023 2363 1437 2433 corpusculorum
1457 2361 1542 2424 ,δέ
1574 2360 1881 2415 valvularum
1913 2359 2275 2426 strufiuram,-
2297 2400 2334 2426 „

334 2443 386 2496 δε
420 2443 673 2511 speciatim
701 2480 736 2504 „
785 2439 874 2491 has
925 2439 1067 2491 fibris
1118 2440 1303 2489 carneis
1336 2436 1503 2487 ornari
1553 2433 1815 2504 pluribus,
1854 2432 2070 2486 valvulas
2110 2435 2330 2505 quidem

330 2551 365 2578 „
404 2514 712 2583 pulmonaris
744 2514 936 2569 arteriae
966 2514 1017 2562 in
1048 2509 1372 2562 transversum
1405 2506 1593 2568 duffis,
1629 2504 1804 2557 ostiola
1838 2504 1962 2560 vero
1997 2510 2192 2559 arteriae
2224 2526 2330 2562 rna·

332 2625 367 2651 „
404 2605 516 2657 gnae
547 2587 753 2655 oblique
770 2584 1098 2655 utplurimum
1117 2584 1270 2634 etiam
1308 2578 1580 2650 protensis:
1618 2576 1899 2646 harumque
1928 2576 2103 2649 saepius
2133 2578 2328 2651 aliquot

333 2698 367 2723 „
409 2660 522 2712 hinc
552 2676 700 2729 atque
734 2657 851 2709 hinc
883 2656 1145 2709 evidenter
1179 2655 1240 2706 ad
1286 2652 1577 2721 corpuscula
1629 2650 1891 2721 elongari.
1920 2688 1955 2715 ,2
1993 2653 2120 2705 Haec
2156 2671 2326 2706 autem

333 2731 684 2803 Verheyenii,
721 2731 774 2787 δε
805 2748 1040 2784 meorum
1073 2731 1107 2781 I.
1145 2726 1554 2780 Adversariorurn
1590 2723 1704 2776 loca
1737 2725 1927 2777 contuli
1960 2743 2060 2776 non
2092 2726 2252 2779 mod&
2271 2743 2328 2779 ut

334 2804 607 2869 constaret,
644 2805 825 2858 eadem
872 2819 982 2873 quae
1030 2800 1180 2863 mihi,
1219 2797 1551 2869 Verheyenio
1589 2812 1796 2865 quoque
1841 2796 1985 2851 fuisse
2038 2794 2206 2862 obvia,
2246 2815 2327 2852 ve.

93 2913 240 2955 Anima
244 2916 297 2958 dv
335 2878 446 2932 rum
477 2883 632 2932 etiam
660 2895 717 2930 ut
746 2895 924 2933 omnes
954 2875 1328 2947 intelligerent,
1370 2870 1797 2941 quemadmodum
1844 2872 1944 2939 ipse
1997 2870 2061 2923 de
2092 2871 2326 2925 Blancar-

90 2966 133 3006 in
164 2949 311 3006 Anus
338 2953 404 3006 do
437 2951 633 3023 questus
679 2949 748 3003 est
792 2949 932 3019 quod
981 2949 1104 3011 suis,
1140 2945 1273 3002 nulla
1302 2946 1371 2997 sui
1403 2945 1663 2998 mentione
1698 2941 1859 3005 fasta,
1898 2943 2007 2995 usus
2045 2943 2197 3008 esset,
2237 2962 2321 2996 me

90 3017 306 3060 blaucarti.
335 3041 538 3096 quoque
586 3025 652 3077 de
694 3024 801 3094 ipso
849 3020 1183 3091 Verheyenio
1213 3057 1230 3082 ,
1284 3017 1321 3072 fi
1352 3020 1581 3079 viveret,
1616 3013 1685 3067 ob
1734 3015 2092 3083 ejusdemmodi
2129 3017 2318 3070 causam

335 3102 475 3163 queri
525 3098 698 3166 posse.
738 3098 877 3148 Nam
926 3097 974 3146 in
1019 3095 1188 3162 priore
1236 3092 1516 3143 Anatomiae
1552 3089 1644 3139 suae
1681 3087 1938 3150 editione,
1977 3105 2034 3141 ut
2066 3108 2165 3158 ego
2201 3105 2319 3138 non-

335 3170 454 3222 dum
498 3170 821 3223 Valvularum
868 3165 1038 3219 Fibras
1083 3164 1463 3231 descripseram,
1501 3176 1585 3213 aut
1617 3177 1787 3212 earum
1840 3161 2151 3230 Corpuscula
2184 3155 2318 3208 resti-

332 3257 553 3305 tueram,
593 3246 658 3293 ita
692 3244 792 3312 ipse
825 3258 888 3294 ne
916 3238 1127 3294 verbum
1163 3237 1368 3307 quidem
1402 3235 1464 3290 de
1497 3232 1572 3285 his
1612 3231 1757 3285 rebus
1789 3232 2008 3296 fecerat,
2028 3249 2133 3356 autF
2143 3247 2316 3311 earum

2139 3321 2241 3373 igu-

107 859 189 902 loc.
219 860 292 903 cit.
