2576 3607
647 191 1463 268 AWIMADVERSIO
1543 202 1698 260 XII.
2000 233 2071 275 19

203 320 400 375 quoque
439 321 536 355 non
569 302 823 365 vidissem,
857 304 907 354 in
945 302 1181 362 medium
1203 301 1397 366 attulit,
1430 304 1542 356 cum
1576 305 1836 363 tubercula
1869 332 1969 367 non
2002 314 2162 369 modo

200 383 250 431 in
285 394 472 429 corona
499 413 517 439 ,
554 376 634 429 sed
673 374 725 431 δέ
761 392 853 446 ρει·
894 375 1138 445 reliquam
1181 376 1437 430 interdum
1485 377 1725 447 glandem
1757 382 2050 441 obsservaffe
2081 389 2202 452 ses

196 447 409 521 scripsit.
447 450 553 502 Hic
582 450 743 502 dices:
783 467 872 500 cur
907 467 1032 519 ergo
1073 451 1211 520 quod
1250 449 1443 502 videras
1471 487 1489 512 ,
1525 470 1627 504 non
1664 453 1897 522 pinxisti?
1946 462 2057 529 Ego
2087 479 2170 514 ve-

199 522 550 591 ro,Mangete
579 521 935 585 Ornatiffime,
970 521 1081 575 cum
1118 523 1177 574 ad
1212 541 1322 576 eam
1358 525 1553 592 Figurae
1585 542 1780 592 partem
1813 527 2171 588 conficiendam

201 595 542 665 duodeviginti
577 596 815 648 cadavera
843 594 1181 665 inspexiflem‚
1206 596 1310 649 duo
1342 594 1533 649 tantum
1564 600 1727 651 inveni
1766 616 1984 668 quorum
2020 621 2170 658 unum

197 670 247 720 in
279 684 505 722 extrema
533 670 795 722 dumtaxat
820 668 1035 737 glande,
1073 669 1282 722 alterum
1319 687 1410 740 per
1444 687 1605 725 totam
1635 671 1874 742 glandem
1909 711 1926 736 a
1964 675 2044 726 vel
2083 692 2171 746 po-

195 737 292 793 titis
322 759 413 813 per
441 758 605 796 totum
634 741 824 813 glandis
853 740 1051 792 dorsum
1082 740 1375 806 tubercula,
1414 759 1581 812 neque
1630 762 1796 798 tamen
1836 749 2025 799 caeteris
2060 763 2172 816 quae

198 832 341 867 erant
369 819 419 868 in
451 833 637 869 corona
674 815 847 881 peniS,
878 810 1334 882 fimilia,haberet;
1371 819 1544 882 itaque
1579 819 1656 871 vel
1686 818 2173 884 obxraritatemstel

199 887 268 940 ob
300 888 541 958 disparem
572 885 720 938 facile
756 902 985 938 naturam
1017 903 1130 938 cum
1166 889 1355 938 caeteris
1375 888 1663 942 delineanda
1696 911 1795 944 non
1828 897 2025 963 putavi.
2055 895 2174 946 Nec

194 979 277 1012 me
322 960 436 1013 fasti
472 960 727 1030 poenitet,
768 955 1027 1028 postquam
1074 960 1125 1012 in
1170 958 1437 1030 glandibus
1469 963 1644 1031 viginti
1675 979 1798 1030 quas
1843 963 1953 1033 post
1988 966 2173 1018 editam

194 1051 307 1085 eam
349 1035 582 1103 Figuram
613 1032 879 1102 diligenter
925 1034 1055 1085 inter
1090 1032 1358 1085 secandum
1388 1033 1606 1101 inspexi,
1644 1034 1767 1089 nihil
1807 1037 2045 1101 ejusmodi
2083 1036 2171 1089 ob-

190 1106 402 1173 servavi3
439 1104 547 1158 imo
577 1104 957 1177 Verheyenium
986 1105 1118 1168 vidi,
1158 1107 1242 1174 qui
1275 1105 1440 1175 postea
1478 1125 1751 1177 utrumque
1789 1110 2172 1163 tuberculorum

189 1196 351 1249 genus
380 1182 428 1232 in
458 1198 516 1231 ea
545 1181 724 1248 Figura
753 1196 864 1249 quae
894 1178 981 1230 tibi
1013 1176 1184 1233 oslava
1218 1176 1287 1232 est
1325 1182 1371 1231 in
1416 1183 1650 1248 proxima
1687 1181 1913 1245 Tabula,
1956 1182 2171 1235 delinea-

187 1254 260 1304 vit
292 1251 312 1315 (
347 1252 498 1321 quam
534 1252 703 1316 reete,
739 1251 824 1305 hic
860 1272 962 1306 non
1000 1251 1221 1322 judico)
1262 1252 1417 1320 ipsum
1448 1292 1465 1314 .,
1502 1255 1741 1321 inquam,
1770 1255 1870 1307 vidi
1909 1252 2413 1330 Vesheye·1.1,tr,2,

187 1326 325 1377 nium
357 1342 462 1377 tum
491 1328 540 1379 in
580 1326 905 1395 descriptione
935 1364 953 1388 ,
991 1342 1097 1377 tum
1132 1327 1182 1377 in
1215 1325 1562 1393 Explicatione
1598 1344 1699 1378 non
1747 1327 1962 1393 ejusdem
2002 1330 2171 1380 omnia
2196 1352 2287 1393 cap.
2316 1357 2379 1390 24.

187 1414 408 1461 natum,
442 1399 524 1452 sed
558 1415 670 1468 quae
702 1417 802 1469 ego
836 1398 1240 1459 delineaveram‚
1274 1393 1371 1450 effe
1393 1396 1687 1467 glandulas,
1707 1400 1895 1468 reliqua.
1927 1400 2168 1470 papillam,

191 1467 510 1524 existimasse.
549 1471 645 1525 Sed
675 1470 728 1526 δε
765 1471 847 1524 Cl.
876 1472 1124 1525 Fantonus
1156 1468 1269 1522 cum
1301 1489 1362 1522 ex
1396 1470 1778 1541 Malpighianis,
1814 1492 1872 1525 ac
1900 1472 2169 1542 Ruyschia-
2220 1485 2411 1537 Anatom.

191 1543 265 1593 nis
294 1543 951 1611 observationibus-,glandis
988 1542 1331 1595 membranam
1356 1543 1642 1612 papillostzm
1675 1543 2026 1608 effe,docuit,
2058 1563 2166 1598 tum
2193 1532 2285 1573 Diff.
2313 1540 2349 1574 ⁸·

186 1613 428 1684 plurimas
449 1611 680 1680 sebaceas
711 1614 974 1682 glandulas
1010 1618 1136 1665 circa
1172 1617 1311 1685 penis
1347 1631 1561 1665 coronam
1599 1618 1843 1685 agnoscit,
1889 1635 2047 1687 quaS,
2086 1619 2167 1671 ad-

192 1684 297 1750 dit,
336 1682 556 1754 oblongos
580 1684 834 1754 folliculos
870 1688 924 1735 in
972 1698 1181 1736 meatum
1214 1692 1532 1736 excretortum
1570 1686 1826 1751 desinentes
1864 1689 2166 1760 repraesenta-

192 1773 247 1807 re
275 1795 291 1820 7
325 1754 484 1829 iasque
523 1759 776 1829 compreffis
813 1771 1082 1809 contentum
1116 1754 1360 1808 humorem
1385 1756 1597 1830 perstepe
1633 1765 1826 1830 emungi
1847 1802 1859 1813 .
1971 1762 2164 1816 Verum

188 1829 377 1884 Noster
426 1829 558 1883 haud
606 1827 817 1902 amplius
866 1848 957 1901 per
988 1831 1202 1901 speciem
1234 1831 1522 1885 sententiam
1572 1830 1784 1885 nostram
1832 1835 2042 1905 augendi
2077 1854 2168 1888 nos

187 1911 479 1974 oppugnat3
515 1903 595 1955 sed
635 1903 806 1974 aperte
842 1906 889 1956 in
927 1907 1085 1956 aciem
1131 1904 1332 1974 prodit.
1367 1942 1404 1966 Ὦ
1439 1906 1646 1967 Liceat,
1686 1908 1845 1975 inquit
1874 1945 1893 1971 ,
1930 1908 1960 1960 e
1997 1926 2166 1962 contra

184 2011 224 2038 ³>
258 1974 430 2041 effari,
467 1977 676 2047 granula
706 1976 822 2040 illa,
859 1975 1108 2048 supposita
1140 1977 1426 2045 glandulosa
1453 2015 1470 2039 ,
1511 1999 1573 2031 ex
1604 1979 1780 2031 decem
1813 1981 2046 2034 mentulis
2080 1981 2163 2033 dis-

185 2085 222 2110 „
257 2049 456 2102 seffioni
484 2048 750 2120 expofitiS,
785 2053 868 2103 vix
900 2054 949 2102 in
985 2049 1171 2102 duabus
1209 2068 1517 2113 occurrere,
1553 2068 1610 2104 ut
1655 2051 1774 2104 ideo
1815 2070 2050 2122 tanquam
2084 2073 2163 2106 res

188 2156 223 2182 a>
259 2137 391 2182 tuta,
435 2121 486 2176 &
517 2124 769 2173 ordinaria
814 2123 1133 2192 depingenda
1165 2142 1265 2176 non
1299 2122 1384 2175 sit.
1419 2161 1454 2186 „
1506 2123 1650 2190 Quid
1684 2125 1839 2188 vero,
1878 2125 1913 2178 fi
1951 2127 2052 2194 ipse
2081 2126 2162 2179 vel

189 2195 240 2250 in
273 2190 477 2244 nimium
511 2197 711 2262 pauciS,
747 2193 826 2246 vel
858 2213 957 2246 non
996 2196 1106 2247 satis
1155 2196 1417 2265 diligenter
1449 2195 1778 2264 quaesivisset?
1830 2199 1988 2251 Certe
2026 2201 2160 2252 enim

187 2263 340 2328 mihi,
379 2267 598 2332 meisque
631 2270 782 2318 etiam
813 2267 1144 2319 Auditoribus
1173 2286 1353 2337 magna
1390 2287 1453 2319 ex
1482 2285 1655 2337 parte,
1693 2269 1907 2333 constat,
1940 2272 2001 2324 de
2040 2270 2158 2323 ofio

186 2337 280 2390 illis
319 2338 369 2393 &
407 2340 606 2408 triginta
655 2338 969 2391 cadaveribus
1014 2355 1123 2406 quae
1170 2340 1276 2408 ejus
1315 2343 1384 2391 rei
1431 2343 1591 2410 gratia
1628 2344 1844 2412 inspexi,
1880 2347 1933 2395 in
1969 2361 2155 2395 corona

189 2413 335 2463 unius
368 2411 419 2466 ὅ(
457 2414 660 2480 triginta
693 2430 752 2464 ea
782 2410 1040 2463 tubercula
1073 2411 1215 2464 fuisse
1244 2450 1262 2476 .,
1297 2412 1513 2484 plurima
1552 2415 1754 2482 quidem
1798 2419 1844 2467 in
1884 2415 2157 2486 plerisque,

185 2482 237 2539 ἃ
275 2484 659 2548 evidentissima,
695 2488 744 2537 in
783 2484 884 2537 aliis
912 2487 1182 2555 pauciora,
1223 2485 1274 2541 ἃ
1313 2502 1557 2539 attentum
1589 2488 1791 2540 oculum
1818 2490 2155 2556 requirentia,

186 2555 265 2608 sed
297 2575 464 2610 tamen
502 2559 549 2609 in
589 2557 663 2610 his
694 2556 956 2620 omnibns,
996 2575 1052 2611 ut
1088 2558 1499 2625 dico7fuisse3de
1528 2560 1728 2629 reliquis
1767 2577 1932 2616 autem
1964 2562 2154 2629 septem

187 2629 234 2679 in
264 2630 480 2682 duorum
512 2634 762 2701 praeputio
792 2631 973 2682 eadem
1005 2632 1303 2694 occurrisse,
1342 2651 1496 2685 unum
1530 2630 1694 2684 adhuc
1732 2650 1944 2703 puerum
1977 2632 2151 2693 fuisse,

190 2716 342 2752 unum
389 2720 627 2755 coronam
675 2706 1005 2757 cicatricosam
1037 2743 1054 2768 ,
1093 2723 1245 2756 unum
1294 2705 1510 2773 denique
1542 2705 1647 2770 ejus
1695 2709 1915 2758 materiae
1953 2706 2016 2756 de
2056 2721 2151 2771 qua

186 2769 506 2838 postmodum
537 2776 726 2826 dicetur
754 2814 770 2838 ‚
808 2776 860 2830 ἃ
898 2778 1004 2843 ejus
1043 2778 1246 2844 quidem
1279 2797 1377 2829 non
1428 2777 1660 2830 consueta
1700 2782 1891 2829 ratione
1926 2775 2150 2827 constitu-

188 2858 283 2903 tae„
321 2859 495 2909 parum
525 2843 774 2896 habuisse.
814 2849 888 2894 Ex
921 2849 1098 2912 quibus
1131 2851 1235 2898 satis
1268 2849 1557 2915 intelligitur
1586 2884 1602 2907 ,
1641 2847 1804 2897 utrum
1852 2866 1907 2898 ea
1935 2865 2018 2897 res
2046 2860 2149 2898 tan-

188 2930 329 2983 quam
356 2929 458 2965 tuta
498 2913 556 2973 ὠ·
592 2917 838 2966 ordinaria
870 2915 1182 2985 depingenda
1212 2917 1357 2968 fuerit
1391 2940 1401 2981 3
1443 2916 1636 2968 tametsi
1670 2915 1689 2979 (
1724 2920 1857 2986 quod
1890 2917 1976 2971 iste
2014 2918 2147 2973 haud

190 2989 586 3058 animadvertit)
618 2989 684 3040 ob
731 3007 841 3041 eam
888 2988 1140 3041 dumtaxat
1185 2990 1370 3041 causam
1405 2990 1610 3057 pinxisse
1643 3007 1906 3058 poteram,
1943 3010 1998 3043 ut
2035 3008 2145 3061 quae

186 3062 251 3113 de
289 3059 364 3112 his
398 3061 662 3114 tuberculis
706 3067 749 3115 in
789 3060 1087 3113 Adversariis
1134 3080 1458 3123 monueram,
1496 3061 1686 3114 facilius
1733 3068 2143 3133 perciperentur3

188 3151 302 3188 nam
336 3134 472 3187 certe
504 3133 555 3190 &
586 3139 636 3186 in
669 3135 761 3188 illis
795 3134 1138 3205 scripsi,quod
1170 3134 1254 3187 iste
1287 3154 1407 3187 mox
1437 3133 1734 3189 confitetur:
1756 3136 1963 3205 glandes
1995 3141 2140 3188 etiam
2169 3173 2280 3202 num.
2300 3174 2355 3200 Π,

184 3224 260 3260 me
295 3205 458 3279 vidtff
449 3225 474 3260 e
511 3209 564 3260 in
593 3205 760 3278 quibus
792 3208 926 3262 nullo
962 3206 1097 3262 modo
1132 3204 1332 3280 conspici
1364 3221 1616 3280 poterant,
1652 3208 1705 3265 &
1740 3212 1788 3263 in
1823 3211 2018 3281 Figurae
2047 3213 2141 3266 Ex.

1519 3300 1549 3333 2
1979 3283 2069 3355 pli-
