2576 3607
631 193 1443 279 A‘NJMADVERSJO
1535 203 1732 264 XJJJ.
1994 231 2063 268 ιι

204 303 448 368 ἃοῑίδιιε,
486 322 536 356 et
566 302 798 357 omnibus
832 306 915 372 qui
945 304 1056 356 sane)
1085 301 1457 372 frequentissimi
1489 305 1795 368 aderant,ex
1830 311 2015 367 cunetis
2047 316 2160 366 Stu-

204 377 451 432 diosorum
482 376 787 432 Nationibus
820 380 939 429 meis
977 378 1323 430 humaniffimis
1353 377 1678 430 Auditoribus
1709 395 1816 431 tum
1861 388 1909 436 in
1941 385 2160 453 quodam

200 467 434 521 peracuta
464 449 605 503 febre
634 454 970 517 interempto,
1007 467 1187 502 caetera
1217 451 1367 511 san0,
1404 467 1557 518 quem
1590 454 1639 503 in
1670 451 1981 507 Nosocomio
2019 458 2159 511 disse-

202 526 421 586 cuimuS,
457 539 565 576 tum
597 523 748 593 paulo
781 522 889 594 post
916 525 966 576 in
1000 522 1159 575 Fabro
1192 542 1255 575 ex
1289 524 1503 575 Arteriae
1535 524 1734 593 Magnae
1762 523 1981 593 disrupto
2019 547 2162 582 aneu-

199 596 415 667 rysmate
446 597 654 666 repente
700 614 904 648 mortuo
932 634 950 659 ,
989 615 1165 649 caetera
1196 595 1391 666 optime
1441 594 1739 658 constitute,
1780 612 1927 665 quam
1961 600 2162 665 quidem

200 665 528 722 ostenfionem
561 673 609 722 in
650 668 745 722 hoc
776 668 1127 721 Celeberrimo
1161 668 1389 721 Theatro
1422 666 1684 721 habuimus
1717 667 1832 721 cum
1862 687 1956 739 pro
1988 671 2066 720 sua
2100 674 2165 723 in-

203 739 429 793 credibili
465 761 584 812 erga
631 745 820 810 optima
870 743 1041 792 Studia
1086 744 1404 808 Benignitate
1452 742 1640 795 adesset
1673 743 1764 795 Vir
1800 742 2165 815 Ampliffimus,

192 811 457 882 pluribus,
493 815 772 883 magnisque
811 829 917 865 tum
952 812 1354 883 Magistratibus,
1393 830 1500 867 tum
1533 814 1895 885 Legationibus
1930 815 2164 884 praeclare

200 885 381 949 obitiS,
422 887 590 948 domi,
624 884 839 951 forisque
874 884 1285 951 Speftatisfimus,
1325 884 1376 939 ὃ(
1405 885 1470 936 de
1501 905 1611 948 me,
1656 887 1800 954 siquis
1836 888 1984 951 alius,
2022 907 2164 958 egre-

198 959 283 1029 gie
312 963 517 1011 meritus
547 958 841 1010 Laurentius
873 954 1177 1025 Theupolus
1206 960 1373 1026 Eques
1401 994 1417 1019 ,
1452 958 1591 1011 AEdis
1627 960 1694 1012 D.
1734 961 1894 1013 Marci
1924 962 2168 1013 Procura·

199 1047 311 1094 tor,
351 1049 406 1082 ac
437 1030 698 1083 Triumvir
727 1033 1021 1084 Litterarius
1046 1068 1063 1092 ,
1106 1029 1307 1097 unaque
1338 1047 1519 1098 praeter
1566 1049 1684 1084 eum
1714 1050 1863 1102 quem
1893 1033 2033 1103 supra
2071 1033 2168 1084 lau-

198 1105 337 1165 davi,
375 1103 748 1167 Vallisnerium,
787 1103 1075 1156 Alexander
1106 1103 1168 1154 de
1201 1105 1434 1172 BurgOS,
1475 1103 1527 1158 &
1558 1106 1772 1172 Joannes
1802 1105 2017 1157 Polenus
2049 1107 2169 1157 Pro-

196 1174 403 1228 fessores
435 1175 590 1247 longe
624 1176 937 1238 Dofiiffirni,
976 1175 1366 1244 Clarissimique.
1422 1177 1548 1242 Quo
1586 1180 1738 1229 etiam
1773 1196 2009 1248 tempore
2048 1174 2070 1239 (
2106 1196 2170 1230 ne

196 1247 329 1301 forte
367 1265 445 1300 tot
492 1249 808 1303 Graviffimos
854 1251 1005 1302 Viros
1050 1249 1118 1302 ob
1156 1267 1264 1300 rem
1318 1249 1577 1301 dumtaxat
1625 1250 1869 1303 leviorem
1912 1251 2170 1302 videamur

196 1324 472 1374 nominasse
503 1326 523 1392 )
566 1340 673 1374 tum
705 1342 834 1376 nova
868 1323 1095 1392 quaedam
1125 1359 1142 1384 ,
1179 1338 1288 1372 tum
1318 1322 1368 1372 id
1408 1322 1542 1388 quod
1576 1323 1700 1393 saepe
1742 1322 1857 1374 alias
1887 1320 2170 1374 ostendera-

194 1413 337 1457 muS,
377 1394 428 1449 &
467 1396 525 1448 ad
559 1392 866 1463 superioreS,
907 1412 966 1445 ac
1016 1395 1371 1461 consequentes
1398 1394 1864 1448 Animadversiones
1897 1391 2170 1465 plurimum

198 1472 449 1536 pertinet,
487 1467 677 1520 nostros
711 1484 913 1536 quoque
945 1465 1187 1520 Urethrae
1227 1466 1547 1520 Canaliculos
1594 1468 1645 1524 δε
1681 1468 1884 1536 reliquis
1922 1468 2169 1535 majoreS,

199 1538 251 1593 δέ
286 1543 333 1591 in
379 1541 554 1590 eadem
601 1558 777 1591 omnes
814 1540 944 1592 reita
980 1540 1106 1591 linea
1137 1577 1154 1599 ,
1191 1539 1329 1590 velut
1382 1542 1433 1589 in
1477 1542 1654 1609 Figura
1685 1539 1879 1601 nostra,
1910 1540 2170 1608 dispositos

194 1610 571 1662 manifestissime
608 1610 1076 1663 demonstravimus:
1115 1611 1252 1676 quod
1286 1609 1337 1665 δέ
1378 1609 1628 1680 sigillatim
1667 1611 1767 1663 hoc
1801 1629 1930 1664 anno
1960 1611 2169 1665 ostendi-

197 1700 305 1735 mus
341 1689 436 1733 una
478 1699 591 1733 cum
637 1684 692 1733 iis
728 1682 791 1732 de
832 1680 1009 1748 quibus
1047 1679 1283 1732 haetenus
1318 1682 1503 1733 distum
1550 1681 1649 1744 est,
1689 1683 1907 1751 pluribus
1947 1687 1992 1736 in
2032 1684 2167 1738 reste
2207 1704 2210 1705 ’

199 1754 462 1807 constituta
510 1754 691 1824 glande
738 1753 1121 1805 tuberculorum
1176 1752 1389 1804 seriebus
1443 1752 1820 1806 Bartholomaeo
1874 1758 2170 1825 Lavagnolo

195 1829 292 1882 Rei
327 1828 533 1880 Medicae
564 1827 649 1880 Cl.
687 1844 743 1877 ac
773 1825 1084 1879 Meritisfimo
1116 1824 1415 1878 professori.
1453 1824 1647 1878 Verum
1688 1826 1786 1879 hoc
1819 1828 1879 1880 ad
1914 1828 2004 1880 alia
2040 1827 2171 1881 istius
2236 1854 2237 1857 ¹

195 1900 647 1954 Amin-adversionis
684 1899 795 1953 loca
825 1901 1076 1971 pertinet.
1115 1901 1266 1953 Nunc
1297 1899 1414 1969 quid
1449 1899 1675 1971 proxime
1693 1901 1886 1957 Aufilor
1917 1900 2171 1971 subjiciat,

197 1974 452 2028 videamus
470 2013 481 2028 .

437 2080 1621 2191 ANIMADVERSIO
1713 2121 1929 2189 xm.

195 2299 229 2326 „
269 2261 688 2404 MUltum,
724 2267 909 2334 inquit,
949 2266 1503 2333 praetermittatur,non
1544 2261 1731 2315 tantum
1765 2267 1812 2317 in
1842 2267 2050 2335 gratiam
2066 2268 2165 2320 Au-

195 2371 228 2399 „
504 2334 661 2388 thoris
692 2336 1012 2399 meritissimi,
1049 2338 1128 2389 sed
1161 2333 1212 2391 3<
1253 2335 1447 2388 Clariis.
1481 2337 1620 2388 Litrii
1651 2374 1668 2399 ,
1706 2333 1757 2391 &
1793 2341 2069 2390 Anatomici
2102 2338 2163 2389 al·

195 2443 229 2471 „
267 2413 416 2460 terius
451 2428 510 2460 ex
544 2411 811 2462 Academia
842 2408 1146 2463 Bononiensi
1177 2447 1194 2472 ,
1232 2406 1293 2462 ab
1321 2406 1553 2461 Authore
1581 2445 1598 2470 ,
1652 2412 1699 2460 in
1746 2411 2079 2477 explicatione
2110 2411 2164 2462 fi-

192 2516 230 2543 „
268 2500 405 2550 gurae
442 2484 501 2534 ad
540 2481 650 2535 fasti
695 2483 1164 2544 confirmationem,
1219 2486 1483 2533 citatorum
1516 2522 1527 2533 .
1559 2520 1594 2545 „
1636 2479 1829 2533 Verum
1863 2501 1924 2533 ex
1956 2480 2031 2533 his
2054 2499 2162 2549 quae

197 2553 398 2622 objicit,
442 2556 602 2624 qualia
633 2555 725 2607 fint
759 2572 867 2624 quae
898 2558 1107 2608 remittit
1135 2594 1152 2618 ,
1191 2553 1322 2607 haud
1358 2553 1555 2606 difficile
1594 2556 1934 2622 cognoscitur.
1975 2592 2008 2618 „
2050 2559 2165 2617 Sic,

197 2661 231 2687 „
268 2629 460 2694 inquit,
499 2628 765 2681 instantiam
796 2632 1026 2680 omittam
1056 2666 1074 2690 ,
1111 2644 1260 2696 quam
1295 2632 1339 2680 ei
1375 2627 1633 2679 mehercle
1671 2623 1982 2679 offerendam
2017 2645 2150 2697 para-

201 2733 234 2759 „
271 2716 439 2750 veram
474 2741 484 2751 .
520 2738 554 2763 „
610 2702 781 2763 Quam
814 2701 1011 2753 tandem
1044 2703 1066 2754 :²
1103 2736 1136 2763 „
1187 2702 1297 2754 Cur
1327 2700 1507 2753 scilicet
1538 2700 1795 2771 glandulas
1827 2700 1926 2751 illas
1961 2702 2062 2750 suas
2099 2698 2157 2749 ad

199 2803 234 2830 „
274 2771 613 2837 cartilaginum
645 2772 857 2823 tracheae
891 2772 1196 2826 interstitium
1238 2772 1625 2825 membranaceo
1645 2808 1659 2813 -
1680 2772 1953 2822 musculare
1984 2787 2159 2837 agger-

200 2876 234 2902 „
275 2842 396 2890 rime
429 2843 610 2892 locatas
643 2838 662 2902 (
693 2843 754 2890 de
786 2844 963 2906 quibus
995 2846 1156 2893 sermo
1195 2844 1390 2894 habitus
1421 2844 1511 2893 fuit
1553 2844 1661 2892 alibi
1696 2845 1714 2906 )
1756 2841 1973 2891 lebaceas
2004 2845 2154 2892 etiam

201 2948 234 2974 „
275 2930 373 2961 non
404 2916 586 2965 vocitet
623 2952 633 2963 .
688 2949 723 2973 „
775 2913 855 2961 De
888 2912 973 2962 illo
1007 2912 1208 2979 quidem
1236 2911 1460 2980 sermone
1495 2916 1542 2963 in
1586 2915 1824 2980 proximis
1856 2915 2156 2966 Adversariis

199 2982 410 3037 videbo.
450 2989 600 3038 Nunc
630 3001 797 3035 autem
831 2985 878 3034 id
910 3001 1062 3035 unum
1093 2984 1213 3034 scire
1244 3003 1396 3047 aveo,
1431 3003 1519 3036 cur
1549 3003 1632 3035 eas
1667 3001 1867 3052 quoque
1899 2985 2156 3054 glandulas

182 3053 411 3126 sebaceas
446 3058 696 3127 appellare
730 3055 990 3107 debuerim
1027 3097 1037 3108 .
1072 3093 1106 3119 „
1161 3057 1416 3125 Siquidem
1445 3096 1461 3121 ,
1501 3061 1661 3123 inquit
1691 3096 1707 3119 ,
1746 3059 1920 3110 viscida
1954 3058 2028 3111 illa
2064 3077 2153 3127 per

192 3169 229 3198 2,
267 3130 477 3182 tracheae
509 3135 768 3181 cavitatem
801 3130 1051 3199 mucii-ago
1082 3167 1098 3192 ,
1136 3146 1284 3197 quam
1331 3130 1391 3181 ab
1440 3131 1532 3182 illis
1578 3131 1844 3182 extillatazn
1889 3130 2152 3201 supponit,

198 3242 231 3269 ,2
266 3222 368 3260 non
395 3202 681 3259 inferiorem
714 3207 1000 3260 memoratis
1031 3201 1247 3273 superius
1290 3202 1498 3259 sebaceis
1530 3203 1712 3258 iebacei
1749 3202 1956 3273 liquoris
1990 3203 2154 3256 chara-

1910 3312 1944 3342 „
1988 3275 2083 3331 &en
