2576 3607
601 213 1409 288 AwMADVERsm
1496 217 1839 277 XXXVII.
2038 236 2110 300 65

237 325 516 388 Bartholini
541 323 813 377 Prostatam
848 360 865 386 ,
921 337 1071 391 quam
1108 320 1269 372 nescio
1297 338 1358 373 an
1392 318 1470 372 alii
1505 335 1728 387 unquam
1760 327 2004 390 pinxerint
2043 340 2055 382 “.
2107 330 2214 385 Vl&

234 402 482 473 Hymenis
512 396 778 451 seffionem
811 435 827 459 ,
882 413 992 466 quae
1025 392 1116 447 etfi
1146 392 1232 445 sub
1261 391 1442 446 oculos
1474 396 1618 463 ponit
1651 391 1798 461 quam
1834 398 2007 464 dispari
2036 405 2098 456 acl
2130 403 2210 457 ba-

233 474 321 528 fim
350 511 366 536 ,
421 488 570 541 atque
603 471 664 523 ad
704 473 931 525 int-imam
974 485 1116 522 oram
1154 466 1359 519 craffitie
1390 463 1450 517 fit
1482 503 1500 528 ,
1550 481 1719 517 tamen
1769 483 1913 519 antea
1945 475 2116 528 vidisse
2148 476 2211 529 ab

238 547 342 599 alii-s
374 544 555 615 pilstam
587 562 688 597 non
720 544 925 596 memini
960 579 978 606 ,
1014 558 1075 595 ut
1108 557 1274 609 neque
1306 541 1400 592 tria
1427 537 1511 591 illa
1540 553 1650 606 quae
1678 539 1871 607 primus
1900 542 1998 610 ipse
2030 549 2212 602 Anato-

233 621 372 675 micae
405 616 633 671 Historiae
669 618 867 679 addidi,
904 615 1042 668 VII.
1075 615 1246 668 Certis
1275 615 1326 665 in
1356 612 1482 665 loc-is
1515 611 1758 663 cessantes
1790 613 1998 683 Vaginae
2026 617 2214 688 Ruga,-²

230 692 406 760 VIII.
445 690 795 745 Creberrimas
833 692 882 741 in
921 687 995 740 his
1025 686 1239 756 Papillas
1265 725 1282 750 ,
1338 684 1391 740 ὅ(
1423 687 1529 738 IX.
1565 685 1815 755 Corporis
1853 687 2081 757 glandosi
2113 707 2213 755 quo

233 764 491 818 muliebris
519 761 727 818 -urethra
770 763 986 830 cingitur
1017 797 1035 822 ,
1073 763 1127 811 in
1154 761 1331 828 vagina
1376 756 1846 812 Protuberamjam.
1896 763 2066 830 Atque
2109 763 2214 817 haec

229 857 415 891 novem
446 842 497 891 in
534 839 730 905 >Figurae
766 834 1004 885 inferiore
1035 830 1230 884 tantum
1263 848 1406 901 parte
1436 831 1698 902 peculiaria
1729 832 1868 901 sunt3
1906 850 2014 901 quae
2046 854 2216 892 autem

229 912 448 981 superior
507 926 710 978 quoque
762 906 1032 977 peculiaria
1077 903 1232 956 habet
1263 941 1280 966 ,
1318 901 1429 955 cum
1479 920 1587 971 quae
1632 902 1862 958 adversus
1901 904 2030 959 hanc
2065 910 2092 962 ἐι
2128 912 2213 964 CI,

235 979 683 1040 Animadverfionss
732 979 956 1033 Auklore
1001 978 1112 1032 sunt
1149 974 1357 1046 objefia
1380 1015 1397 1042 ,
1436 970 1788 1031 excufferimus
1815 1015 1832 1043 ,
1866 996 1988 1035 tunc
2025 985 2215 1052 pan-ter

228 1055 661 1111 enumerabimus

375 1194 1566 1270 ANIMADVERSIO
1655 1198 2070 1267 XXXVII.

224 1354 264 1411 5,
304 1342 897 1524 Qljandoquide-m,
932 1344 1121 1410 inquit,
1159 1342 1431 1412 perspicuae
1462 1339 1593 1404 {in-t,
1630 1339 1919 1411 crebraeque
1953 1340 2123 1414 rugae,
2162 1341 2215 1399 &
2239 1396 2456 1433 Bemm-

228 1454 263 1483 2,
500 1419 783 1490 asperitates
814 1419 863 1469 in
898 1415 1138 1478 muliere,
1175 1431 1285 1467 tum
1324 1414 1384 1466 ad
1418 1416 1646 1484 vaginam
1667 1451 1683 1476 ,
1720 1430 1829 1466 tum
1861 1418 2116 1485 praecipue
2151 1417 2212 1469 ad
2239 1448 2288 1482 li,
2327 1448 2450 1482 cem-

444 1521 447 1522 ν
515 1529 547 1553 „
588 1491 835 1541 cervicem
876 1491 1004 1540 uteri
1040 1527 1056 1551 ,
1093 1489 1242 1539 etiam
1284 1491 1627 1556 prominentes
1668 1485 1720 1541 ὃζ
1758 1505 1967 1540 crenatae
2001 1526 2017 1551 ,
2052 1505 2109 1540 ut
2149 1492 2214 1542 ait
2238 1498 2290 1534 cis
2322 1495 2450 1536 Uteri-

223 1561 259 1626 '„
297 1561 499 1616 Author
533 1562 672 1614 Clar.
710 1580 811 1614 non
846 1578 936 1629 per
968 1559 1066 1612 hoc
1100 1560 1165 1612 eo
1199 1577 1283 1611 me
1326 1558 1462 1612 ferre
1493 1555 1681 1629 po‘ffem
1711 1596 1729 1621 ,
1766 1575 1822 1609 ut
1854 1560 1915 1611 ad
1961 1560 2073 1629 ejus
2110 1578 2215 1613 mo-

224 1670 259 1696 „
300 1652 443 1696 rem,
477 1633 701 1686 -valvulas
725 1632 929 1684 easdem
963 1649 1341 1701 nuncupare-m.
1376 1669 1411 1695 „
1451 1634 1614 1701 Supra
1651 1631 1854 1697 quide-m
1889 1632 2017 1697 dixi,
2056 1633 2217 1686 videri

219 1706 380 1774 ipsum
412 1723 548 1757 meas
587 1702 945 1773 Nympharum
981 1704 1243 1772 glandulas
1282 1705 1332 1755 in
1369 1705 1506 1764 tuiS,
1542 1718 1624 1755 aut
1653 1702 1963 1771 Verheyenii
2005 1704 2214 1759 Tabulis

217 1774 501 1849 inspexisse,
539 1795 669 1831 nun-c
699 1776 820 1828 illud
858 1778 971 1829 dico
1004 1813 1021 1838 ,
1055 1794 1225 1827 meam
1259 1775 1322 1828 de
1352 1774 1426 1827 his
1465 1773 1692 1828 Valvulis
1740 1775 2022 1828 sententiam
2054 1780 2214 1831 videri

214 1869 320 1904 non
354 1853 404 1902 in
434 1853 558 1903 meis
590 1849 921 1913 Adversarii·3,
953 1849 1032 1901 sed
1064 1852 1112 1901 in
1146 1849 1406 1920 Excerpto
1441 1847 1662 1917 quodam
1692 1847 1908 1917 ipsorum
1941 1845 2111 1919 legiffe
2146 1869 2211 1903 eo

215 1922 438 1992 judicic,
472 1926 753 1995 peritiaque
783 1920 1051 1986 vconfeuo,
1091 1939 1145 1974 ut
1176 1960 1193 1985 ,
1228 1941 1292 1976 ne
1328 1938 1508 1974 caetera
1546 1938 1681 1972 nunc
1714 1938 1997 1974 memorem
2028 1960 2046 1985 ,
2083 1925 2212 1992 vagi-

216 1996 279 2048 na
311 2015 423 2051 cum
452 1999 651 2048 cervice
683 1999 813 2047 ute-ri
853 1995 1046 2048 interna
1077 1995 1434 2066 imperitissime*
1478 1991 1684 2045 confusa
1710 2031 1727 2055 ,
1768 2009 1876 2061 quae
1913 1997 1961 2046 in
1994 1993 2087 2047 hac
2126 2012 2213 2061 po-

215 2068 284 2119 sui
305 2107 322 2132 ,
361 2072 410 2119 in
442 2068 521 2120 illa
556 2067 764 2134 posui-fle
805 2067 982 2120 diserte
1015 2068 1224 2121 scribar.
1264 2070 1340 2123 Ex
1377 2085 1479 2137 quo
1505 2083 1679 2117 tamen
1716 2065 2092 2119 Praestantissimi
2124 2068 2213 2120 Vi⁶

219 2142 295 2202 ri,
329 2141 487 2194 Diarii
534 2140 867 2191 Eruditorum
914 2140 1063 2191 Italiae
1099 2141 1343 2194 At1&ores
1389 2138 1639 2209 primum,
1677 2153 1787 2189 tum
1836 2138 2212 2193 Celeberrimus

216 2215 448 2284 Scriptor
480 2211 695 2279 joannes
728 2213 960 2265 Clericus
999 2250 1015 2276 ,
1053 2210 1151 2264 hoc
1189 2229 1337 2280 atque
1389 2210 1493 2262 aliis
1534 2208 1775 2276 ejusmodi
1823 2209 2208 2265 manifestiffimis

216 2284 472 2337 err-oribus
504 2284 740 2354 prolatis,
778 2286 1018 2354 Excerpti
1054 2283 1181 2335 illius
1219 2284 1374 2336 fidem
1411 2284 1515 2349 jure
1553 2299 1609 2332 ac
1639 2284 1826 2334 merito
1864 2283 2209 2347 elevaverant,

211 2374 314 2409 non
352 2355 558 2410 verebar
591 2355 801 2427 amplius
840 2396 859 2421 ,
896 2373 1181 2426 quenquam
1210 2356 1325 2409 fore
1365 2358 1446 2424 qui
1494 2353 1553 2406 ab
1587 2355 1771 2406 eodem
1809 2355 1857 2406 se
1890 2356 2082 2425 decipi,
2121 2373 2206 2426 pa-

207 2442 438 2482 teretur.
475 2429 575 2482 Sed
614 2428 712 2483 five
743 2431 859 2483 inde
887 2468 905 2494 ,
941 2428 1039 2483 five
1076 2429 1269 2483 aliunde
1317 2426 1504 2483 Noster
1551 2427 1610 2479 ad
1657 2427 1707 2479 id
1748 2427 2059 2480 scribendum
2098 2446 2209 2499 per-

208 2518 377 2555 motus
407 2500 477 2555 est
508 2525 521 2570 3
547 2501 670 2556 illud
704 2523 768 2556 ex
800 2506 926 2556 meis
961 2495 1268 2555 A-dver'sariis
1306 2499 1579 2572 planiffirne
1616 2497 1834 2563 constat,
1870 2519 1953 2552 me
1988 2515 2208 2553 crenatas

211 2578 398 2643 vaginae
427 2591 570 2646 rugas
603 2593 853 2647 nunquam
888 2594 985 2646 pro
1042 2574 1251 2628 valvulis
1285 2573 1537 2641 habuisse3
1577 2571 1630 2628 &
1666 2573 1730 2624 de
1779 2571 1854 2624 his
1886 2575 2090 2641 quidem
2129 2593 2207 2627 ve-

208 2662 323 2696 rum
358 2645 457 2700 effe
487 2650 621 2716 quod
659 2648 744 2703 iste
781 2648 1003 2716 subjicit:
1048 2648 1212 2699 nullus
1234 2645 1475 2718 fiquzidem
1511 2644 1679 2712 refidet
1709 2644 2025 2698 valvularum
2057 2644 2206 2716 astes,

210 2717 346 2766 nulla
388 2719 706 2771 valvularum
733 2720 984 2789 stradam
1006 2760 1019 2773 .
1055 2718 1316 2773 Caeterum
1352 2721 1415 2771 de
1448 2721 1506 2770 iis
1547 2718 1773 2771 Valvulis
1807 2734 1928 2785 quas
1967 2721 2016 2770 in
2049 2721 2205 2770 uteris

203 2786 547 2860 integrioribus
590 2793 642 2842 in
684 2793 782 2859 ipsa
815 2797 1008 2843 interna
1044 2795 1238 2844 cervice
1293 2792 1510 2860 agnosco
1540 2827 1556 2849 ,
1596 2791 1862 2856 quomodo
1901 2790 1950 2840 id
1983 2789 2203 2857 probet,

204 2861 520 2913 attendamus
542 2900 555 2912 .
589 2899 624 2924 „
661 2862 853 2928 Qioad
888 2862 1064 2922 usum,
1098 2865 1297 2928 inquit3
1330 2862 1580 2910 insolitum
1617 2862 1817 2926 penitus
1853 2857 1920 2910 est
1956 2862 2092 2926 quod
2124 2880 2203 2914 ru-

204 2940 239 2996 ’),
276 2949 354 3001 gae
400 2931 678 3001 hujusmodi
727 2935 787 2985 ad
847 2935 1093 2984 cervicem
1140 2929 1379 3002 appofitae
1426 2929 1684 3000 specillum
1746 2930 1928 2984 sursum
1979 2933 2201 2987 adactum

203 3041 240 3070 „
279 3005 539 3057 ascendere
567 3006 647 3058 vel
678 3009 727 3058 in
766 3008 1027 3074 virgineis,
1066 3004 1263 3071 aliisque
1298 2998 1643 3072 integrioribus
1674 3005 1828 3055 uteris
1860 3001 2198 3074 prohibeant,

206 3114 241 3142 „
277 3094 331 3131 ut
368 3074 512 3129 affert
545 3080 620 3128 vir
652 3079 979 3131 ornatiffimus
1015 3100 1025 3131 ε
1064 3077 1200 3146 quod
1240 3092 1333 3143 per
1369 3075 1708 3145 quotidianam
1759 3075 2033 3144 autopsiam
2069 3097 2200 3132 com-

205 3186 241 3213 „
276 3148 554 3220 probatur.
591 3185 626 3212 „
676 3149 894 3203 Multum
938 3153 987 3203 in
1036 3147 1280 3203 hocloco
1330 3167 1413 3201 me
1451 3147 1539 3199 tibi
1581 3149 1797 3211 debere,
1835 3147 2027 3214 fateor,
2064 3153 2201 3206 Man.

209 3239 329 3291 gete
361 3220 681 3287 Βοᾶίίΐιιτιε,
717 3237 884 3293 neque
929 3223 999 3279 ob
1032 3223 1083 3276 id
1122 3218 1317 3276 tantum
1365 3222 1519 3285 dic0,
1560 3219 1696 3291 quod
1741 3236 1850 3290 quae
1884 3219 1969 3273 hic
2009 3221 2098 3275 isse
2129 3244 2200 3277 re-

1435 3296 1457 3347 1
2016 3313 2125 3366 pre-
