2501 3602
455 218 587 278 DE
653 211 1181 270 GA‘NGLJJS
1234 213 1866 288 WERVORUM.
1974 244 2087 293 113

284 327 514 382 'Alterum
542 318 840 389 postulatum
874 357 891 383 ,
929 318 1129 371 scilicetssr
1149 338 1228 371 ex„
1247 318 1530 370 animalium
1568 320 1784 371 motibus
1822 322 1942 374 alios
1979 324 2080 376 esse
2125 344 2176 378 o-

218 404 384 451 mnino
417 394 805 455 involuntariQS,
841 408 897 446 ut
943 409 1154 454 vocant,
1192 390 1252 442 ad
1286 406 1414 460 quos
1461 394 1616 443 tonici
1657 397 1807 444 etiam
1863 395 2182 462 referuntur,

219 472 339 524 alios
369 467 704 529 voluntarios,
744 466 864 520 alios
896 465 1109 534 denique
1147 467 1357 524 mixtos,
1390 465 1629 515 nimirum
1658 466 1710 516 in
1745 463 1921 532 quibus
1956 468 2183 520 volunta-

220 545 280 593 rii
310 541 666 593 involuntarios
710 538 1062 590 moderantur:
1102 554 1224 606 quos
1265 536 1467 605 quidem
1505 535 1626 587 Tibi
1659 538 2074 592 Anatomicorum
2111 559 2186 593 ce-

226 613 498 665 leberrimo
532 611 739 664 innuisse
770 611 882 681 plus
910 612 1022 662 satis
1051 613 1148 662 erit
1167 649 1178 661 .

295 686 526 737 Tertium
546 722 563 748 ,
597 703 659 737 ex
688 686 879 746 nerviS,
919 684 1002 751 qui
1032 683 1092 734 ad
1124 700 1316 749 organa
1343 698 1512 736 motus
1540 682 1797 745 feruntur,
1828 679 2094 734 nonnullos
2133 681 2186 733 fi-

219 760 287 814 ne
322 756 543 826 Gangliis
572 773 870 819 occurrere,
906 754 1092 806 multos
1123 754 1294 805 iisdem
1326 754 1583 808 instrustos
1622 757 1753 807 esse.

292 831 368 882 Ex
401 832 457 880 iis
485 830 643 893 vero,
677 845 784 897 quae
819 826 846 878 a
876 826 1017 879 nobis
1047 823 1291 897 postulata
1322 827 2032 897 sunt,perspicis,M0rgagni
2066 823 2190 893 prae-⁴

225 902 520 964 clariffime,
568 902 899 971 Gangliorum
940 896 1129 961 usum(
1169 897 1365 950 tametsi
1410 899 1491 951 alii
1529 916 1732 969 quoque
1772 898 2015 952 inferioris
2055 913 2190 950 notae

223 973 517 1027 considerari
551 973 732 1043 poffint
763 976 786 1041 )
824 974 1131 1040 praecipuum
1170 971 1302 1033 esse,
1341 987 1396 1022 ut
1430 971 1610 1023 eadem
1649 973 1810 1024 nervis
1847 973 2083 1033 admota,
2121 984 2189 1021 at-

223 1063 322 1115 que
363 1050 629 1096 intertexta
664 1043 757 1095 sint
799 1044 956 1095 veluti
985 1044 1341 1096 Moderatores
1367 1081 1388 1106 -,
1426 1043 1771 1113 Refitoresque
1805 1062 1980 1096 eorum
2016 1045 2193 1096 anima-

225 1119 348 1171 lium
381 1133 645 1179 motuum,
685 1118 769 1184 qui
799 1116 879 1169 vel
918 1115 1121 1168 arbitrio
1158 1115 1524 1181 obsecundant,
1563 1118 1641 1170 vel
1676 1118 1780 1187 ipso
1818 1115 2024 1167 arbitrio
2063 1114 2191 1166 cele-

225 1186 327 1240 rius
356 1193 579 1252 moveri,
618 1205 708 1241 aut
740 1190 981 1242 retardari
1016 1188 1201 1240 debent
1223 1229 1234 1240 .
1275 1188 1438 1256 Hujus
1474 1206 1640 1242 autem
1672 1193 1746 1240 rei
1775 1207 1877 1241 non
1909 1189 2072 1240 levem
2112 1204 2193 1237 co-

228 1260 502 1329 njefiuram
537 1264 758 1332 capimus
789 1280 852 1313 ex
883 1281 940 1313 ea
980 1261 1261 1314 necestitate
1289 1298 1306 1323 ,
1343 1277 1488 1329 quarn
1524 1261 1710 1313 habent
1745 1278 1933 1331 organa
1969 1259 2193 1312 volunta-

227 1337 310 1386 riis
345 1336 805 1403 quomodocunque
863 1334 1079 1388 motibus
1111 1332 1342 1403 proxime
1377 1334 1750 1396 subservientia„
1802 1351 1858 1385 ut
1895 1329 2111 1384 influxus
2143 1329 2195 1381 li-

234 1408 505 1474 quidorum
540 1446 557 1470 ,
597 1424 707 1476 quae
754 1408 1049 1459 musculares
1096 1406 1246 1459 fibras
1283 1406 1424 1475 supra
1471 1411 1570 1460 vim
1607 1409 1821 1458 tonicam
1867 1405 2075 1457 tendere
2113 1402 2195 1452 de-

228 1478 382 1542 bent,
418 1499 519 1531 uno
551 1483 743 1548 magis,
781 1480 931 1548 quam
963 1480 1059 1531 alio
1089 1496 1320 1548 tempore
1348 1516 1364 1540 ,
1405 1482 1638 1531 nimirum
1679 1476 1791 1530 cum
1830 1478 1938 1530 vult
1974 1475 2192 1539 animal,

229 1549 475 1620 copiosius
506 1554 557 1602 in
585 1553 685 1603 illas
723 1553 991 1621 dirigatur,
1032 1551 1083 1605 &
1121 1549 1366 1602 subsistat.
1405 1553 1456 1603 In
1495 1550 1597 1602 hoc
1630 1554 1766 1603 enim
1795 1566 1960 1602 motus
1997 1549 2194 1600 tonicos

231 1621 257 1674 a
294 1624 614 1693 superadditis
653 1622 886 1688 differre,
923 1625 1219 1676 arbitramur
1251 1660 1267 1686 ,
1309 1622 1447 1690 quod
1490 1624 1560 1675 illi
1597 1623 1624 1674 a
1659 1625 1931 1685 continuo,
1970 1622 2195 1689 perenni-

227 1710 326 1762 que
360 1693 546 1747 influxu
592 1697 899 1764 liquidorum
953 1695 1249 1749 musculares
1286 1695 1503 1746 lacertos
1532 1733 1548 1758 ,
1606 1696 1844 1762 villosque
1878 1693 2198 1746 tendentium

230 1770 482 1834 oriantur-7
539 1766 590 1818 hi
635 1769 770 1819 secus
809 1768 836 1818 a
881 1770 1184 1837 temporaria
1234 1766 1529 1819 immistione
1559 1805 1575 1829 ,
1611 1768 1691 1818 vel
1729 1766 1896 1818 saltem
1951 1765 2012 1816 ab
2049 1763 2196 1816 audio

228 1856 389 1908 nuper
427 1837 613 1891 influxu
664 1840 941 1893 eorundem
987 1840 1295 1908 liquidorum
1343 1842 1656 1901 excitentur,
1707 1856 1763 1888 ac
1801 1839 1972 1890 tandiu
2016 1836 2197 1905 perdu-

231 1927 374 1974 rent,
411 1913 573 1964 donec
616 1912 751 1963 idem
790 1931 960 1965 recens
998 1913 1196 1965 additus
1236 1908 1448 1963 influxus
1497 1912 1891 1982 perseveraverit
1914 1950 1924 1961 .
1981 1911 2098 1961 Hoc
2134 1908 2200 1958 sa-

239 1983 301 2032 ne
334 1986 383 2035 in
422 1984 621 2052 singulis
660 1984 903 2036 artefafiis
940 1984 1210 2044 machinis,
1249 2001 1359 2050 quae
1408 2002 1498 2052 per
1532 1985 1819 2043 decursum,
1856 1986 2202 2051 impetumque

235 2069 473 2120 aquarum
509 2055 637 2105 statis
666 2055 976 2123 temporibus
1009 2073 1301 2115 moventur,
1344 2056 1428 2104 usu
1469 2057 1639 2106 venire
1667 2093 1683 2117 ,
1722 2058 2091 2121 comperimus:
2144 2052 2198 2103 in

241 2125 493 2177 chartariis
531 2129 691 2188 enim,
734 2126 931 2194 aliisque
962 2126 1260 2194 hydraulicis
1294 2141 1485 2177 certum
1516 2126 1773 2191 quoddam
1808 2121 2062 2175 sufflamen
2080 2139 2200 2191 prae-

232 2196 304 2249 sto
353 2197 420 2250 est
446 2236 462 2260 ,
505 2198 640 2266 cujus
688 2201 940 2252 contrariis
979 2197 1197 2250 motibus
1235 2197 1442 2248 laticum
1490 2197 1681 2265 illapsus
1716 2196 1916 2249 artificis
1963 2194 2201 2257 arbitriO,

237 2287 333 2339 pro
373 2287 427 2321 ut
457 2289 535 2322 res
574 2269 816 2339 postulat,
854 2274 1179 2341 promoveri,
1210 2269 1290 2322 vel
1323 2268 1583 2340 prohiberi
1613 2270 1765 2321 solet.

315 2339 450 2395 Cum
502 2346 669 2411 itaque
717 2363 817 2396 non
855 2344 1047 2396 videam
1085 2345 1134 2393 in
1184 2343 1467 2396 animalium
1523 2342 1817 2412 corporibus
1867 2341 2001 2393 aliud
2038 2337 2206 2392 instruss

240 2432 500 2477 mentum,
539 2415 676 2484 quod
714 2416 996 2469 concinnius
1032 2432 1292 2486 paratum,
1332 2430 1607 2486 aptumque
1643 2413 1701 2466 fit
1740 2415 1799 2467 ad
1838 2413 2204 2466 moderandum

241 2488 611 2557 liiperadditum
645 2486 887 2542 influxum
927 2506 1031 2540 tum
1066 2488 1303 2557 sanguinis
1330 2526 1348 2551 ,
1399 2503 1507 2538 tum
1542 2487 1803 2557 spirituum
1840 2485 2119 2537 animalium
2156 2488 2207 2537 in

244 2561 537 2613 musculares
576 2578 775 2629 partes,
814 2579 921 2631 quae
961 2560 1236 2613 voluntarie
1275 2577 1576 2622 moventur,
1612 2558 1717 2627 ipso
1756 2558 2091 2628 Gangliorum
2125 2573 2206 2626 ap-

247 2646 454 2698 paratu,
493 2633 873 2686 consentaneum
917 2637 1012 2685 erit
1051 2634 1264 2686 asserere
1295 2671 1311 2694 ,
1351 2633 1526 2684 eadem
1565 2631 1779 2701 Ganglia
1825 2649 1916 2701 per
1961 2629 2206 2683 astionem

245 2702 292 2752 se
328 2702 373 2752 se
414 2703 639 2754 elevandi
671 2740 690 2765 ,
739 2705 1066 2770 animalesque
1122 2707 1308 2774 spiritus
1346 2702 1563 2756 velocius
1600 2702 1906 2772 exprimendi
1937 2738 1954 2762 ,
2008 2702 2071 2751 de
2109 2716 2207 2766 qua

248 2774 389 2843 supra
428 2777 650 2845 egimuS,
688 2777 833 2843 operi
887 2776 1158 2827 admodum
1197 2777 1466 2826 necessario
1504 2775 1747 2842 dirigendi
1781 2811 1797 2836 ,
1853 2789 1907 2822 ac
1944 2772 2207 2822 moderan-

249 2847 298 2898 di
336 2863 564 2909 motum,
602 2842 943 2915 influxumque
981 2862 1090 2897 tum.
1131 2848 1410 2913 sanguinis,
1450 2862 1557 2896 tum
1596 2847 1857 2913 spirituum
1886 2843 2148 2895 inservire.

328 2919 491 2983 Qiod
532 2919 568 2971 fi
614 2935 780 2970 autem
816 2919 1109 2971 meditatum
1158 2917 1289 2970 hunc
1344 2917 1674 2986 Gangliorum
1711 2917 1850 2968 usum
1884 2932 2007 2968 vero
2046 2917 2209 2984 proxi-

256 3011 392 3043 mum
440 2993 557 3054 Tu,
609 2992 703 3044 Vir
738 2996 965 3062 optime,
1003 2991 1295 3058 judicaveris
1329 3028 1344 3053 ,
1381 2991 1479 3060 jam
1526 3006 1688 3059 pum,
1718 3006 1919 3041 mecum
1969 2986 2214 3038 affirmare

256 3064 388 3117 haud
428 3063 665 3116 haesitabis
694 3101 711 3126 ,
747 3065 956 3134 Ganglia
990 3067 1037 3116 in
1077 3064 1248 3115 somno
1281 3061 1302 3127 (
1335 3067 1417 3132 qui
1462 3079 1630 3115 tamen
1663 3063 1689 3114 a
1727 3059 2105 3114 vehementibus
2141 3062 2210 3111 in-

253 3137 447 3189 somniis
493 3156 592 3188 non
640 3135 697 3187 fit
744 3138 1058 3204 perturbatus
1091 3141 1112 3203 )
1155 3136 1231 3189 vel
1263 3139 1501 3205 penitus,
1537 3134 1615 3187 vel
1653 3132 1781 3205 pene
1830 3133 1998 3184 saltem
2035 3134 2209 3186 otiari:

257 3226 425 3264 contra
470 3213 521 3261 in
558 3209 724 3282 vigilia
763 3209 823 3263 ad
861 3210 970 3281 suos
1011 3224 1218 3280 quaeque
1268 3209 1381 3262 usus
1418 3223 1655 3278 prompta
1682 3244 1699 3272 ,
1753 3221 2023 3278 parataque
2061 3205 2211 3328 sesse,

2081 3294 2140 3328 ct-
