2576 3607
628 202 1439 268 AWJMADVERSJO
1521 208 1760 268 XXIV:
2014 229 2084 286 35

208 323 437 391 Figuram
469 314 711 377 dederat,
751 328 901 380 quam
949 309 1116 383 postea
1147 310 1288 363 dedit
1328 313 1396 362 ita
1440 310 1709 380 propositae
1747 314 1772 366 a
1810 333 1890 367 me
1931 314 2172 382 ssmilem,
2224 339 2227 341 ·

210 409 268 445 ut
310 407 419 442 eam
470 404 618 456 quam
649 389 696 438 in
729 387 857 438 XIII.
897 383 1094 438 Tabula
1142 386 1358 454 primam
1396 384 1591 453 posuit,
1644 383 1723 434 alii
1763 384 1789 434 a
1827 405 1908 439 me
1939 388 2172 443 exhibitae

212 459 516 515 consimilem
550 462 685 521 esse,
722 459 817 511 alio
850 460 897 510 in
927 457 1044 510 loco
1093 460 1291 523 notavi3
1330 459 1481 524 usque
1514 455 1640 508 adeo
1690 454 1807 507 nihil
1842 476 2018 512 eorum
2061 480 2171 530 quae

207 553 307 604 ego
340 534 507 602 pinxi,
537 532 635 586 five
671 530 1021 602 corpusculum
1041 568 1057 593 a
1078 529 1175 583 sive
1205 529 1381 583 fibram
1413 528 1547 581 illam
1581 527 1890 590 crassiorem,
1923 532 2169 586 summum

205 606 414 659 limbum
462 606 781 667 firmantem,
822 603 919 657 sive
964 623 1045 656 eas
1086 604 1149 655 de
1196 602 1372 671 quibus
1418 621 1551 654 nunc
1599 604 1791 670 agimus
1822 639 1838 663 ,
1876 601 2059 663 fibram,
2097 622 2169 657 to-

205 694 417 746 tumque
466 679 588 731 illud
642 677 944 746 triangulum
996 676 1325 728 curvilineum
1363 674 1581 745 spesteS,
1617 672 1960 744 praetermisit.
2001 676 2171 728 Habet

203 767 374 804 tamen
409 752 632 819 quaedam
663 768 772 803 tum
800 752 849 801 in
884 748 1249 817 descriptione,
1289 766 1397 801 tum
1428 751 1475 800 in
1507 749 1684 816 Figura
1719 746 2009 815 peculiaria,
2061 764 2170 815 quae

202 841 301 895 pro
333 822 505 877 nostris
537 823 740 877 minime
770 821 1108 890 agnoscimus.
1146 822 1198 873 In
1234 837 1406 872 neutra
1438 823 1573 872 enim
1604 818 1824 871 valvulas
1852 818 2169 872 Pulmonaris

202 899 418 951 Arteriae
451 897 477 949 a
507 896 731 950 Valvulis
766 897 977 945 Arteriae
1008 895 1208 963 Magnae
1235 893 1503 963 separavit,
1539 893 1620 943 sed
1657 893 1717 943 de
1755 890 1983 945 omnibus
2023 891 2168 945 simul

200 969 378 1022 eadem
406 969 698 1040 proposuit,
738 964 850 1017 cum
883 982 1050 1017 tamen
1085 966 1313 1032 quaedam
1349 965 1480 1027 esse,
1514 980 1624 1032 quae
1653 962 1758 1026 his,
1796 984 1894 1017 non
1927 964 2021 1015 illis
2054 983 2168 1018 con-

200 1044 429 1105 veniant,
465 1062 528 1094 ex
556 1042 700 1110 supra
738 1038 878 1093 distis
906 1037 1238 1107 intelligatur.
1275 1041 1447 1106 Atque
1479 1039 1601 1089 item
1635 1038 1923 1107 corpuscula
1955 1035 2061 1088 fere
2095 1054 2170 1088 to-

199 1130 251 1167 ta
282 1117 442 1183 pinxit
487 1115 630 1183 supra
677 1111 982 1165 valvularum
1011 1110 1219 1164 limbum
1266 1109 1558 1178 prostantia,
1602 1107 1712 1162 cum
1760 1126 1928 1163 tamen
1961 1108 2169 1179 utpluri-

198 1204 339 1239 mum
373 1187 529 1258 ipsum
574 1205 675 1238 non
717 1186 982 1254 superent,
1018 1201 1104 1236 aut
1150 1184 1289 1235 certe
1328 1201 1429 1237 non
1475 1183 1663 1236 tantum
1694 1183 1955 1253 superent3
1996 1179 2169 1233 verum

196 1258 307 1311 haec
341 1276 488 1328 atque
522 1258 609 1312 alia
643 1260 967 1311 omittamus.
1007 1259 1191 1324 Neque
1228 1258 1360 1308 enim
1403 1257 1548 1309 decet
1576 1255 1825 1317 oblivisci,
1858 1258 1907 1307 in
1938 1252 2073 1304 hunc
2104 1254 2169 1304 de

198 1330 530 1401 Verheyenio
564 1332 844 1384 sermonem
873 1330 1058 1382 idcirco
1089 1326 1391 1398 potiffimum
1421 1330 1665 1398 ingressos
1700 1346 1789 1378 nos
1822 1328 1950 1389 esse,
1989 1341 2044 1376 ut
2076 1323 2168 1394 ipsi

200 1419 406 1473 quoque
438 1405 488 1457 id
528 1400 722 1453 obvium
758 1403 932 1465 fuisse³
970 1401 1372 1466 ostenderemus,
1408 1402 1545 1473 quod
1584 1398 2040 1454 Animadversionis
2068 1400 2168 1451 Au-

198 1475 307 1530 stor
337 1475 424 1528 fibi
461 1493 681 1545 unquam
709 1475 885 1540 fuisse,
916 1491 1068 1546 negat
1089 1513 1100 1526 .

391 1616 1574 1689 ANIMADVERSIO
1687 1616 1979 1683 XXIV.

365 1763 414 1814 Ic
456 1762 609 1831 igitur
636 1759 894 1831 postquam
925 1758 1135 1828 scripsit:
1175 1798 1209 1822 aa
1247 1762 1563 1828 quantumvis
1607 1759 1814 1828 supponi
1848 1758 2021 1827 poffit,
2059 1757 2164 1813 dari

399 1871 432 1897 aa
469 1851 561 1904 per
614 1833 834 1898 valvulas
881 1832 1033 1885 fibras
1080 1832 1267 1901 aliquot
1313 1850 1539 1899 carneas3
1579 1832 1743 1886 addit:
1782 1849 1957 1882 verum
1997 1848 2162 1883 tamen
2191 1846 2243 1876 De
2284 1842 2407 1888 iisdem

193 1943 229 1971 ‚7
268 1906 364 1970 est,
383 1906 515 1960 strias
546 1905 652 1958 illas
687 1908 908 1976 copiosas
939 1923 1032 1976 per
1062 1904 1365 1957 valvularum
1401 1923 1567 1959 aream
1599 1921 1706 1956 rete
1736 1904 1983 1955 curiosum
2015 1902 2163 1955 effor-
2187 1895 2329 1932 Wb'fb's·

194 2015 231 2043 ‚,
268 1996 489 2041 mantes.,
524 1980 632 2030 vasa
665 1977 829 2049 potitis
864 1979 963 2030 esse
994 1978 1257 2046 sanguinea
1288 2014 1304 2037 a
1362 1979 1510 2046 quam
1546 1976 1842 2029 musculares
1873 1976 2056 2039 fibram,
2106 1993 2163 2029 ut

201 2087 236 2113 2,
272 2049 559 2119 nuperrime
593 2050 1052 2102 demonstrabamus
1080 2053 1133 2099 in
1167 2049 1383 2117 quodam
1415 2048 1634 2116 subjesffi
1663 2069 1726 2101 ex
1769 2066 1923 2100 aortae
1955 2051 2162 2101 aneuris-

199 2159 234 2185 „
271 2138 404 2173 mate
440 2120 703 2182 den-ato„
743 2122 893 2174 Nunc
924 2122 1126 2172 demum
1146 2138 1274 2172 nova
1302 2119 1384 2171 ista
1421 2125 1469 2172 in
1503 2121 1639 2173 fibris
1679 2124 1865 2172 carneis
1897 2122 2160 2189 agnoscen-

197 2195 270 2245 dis
303 2211 415 2246 orta
453 2191 715 2245 difficultas
750 2192 819 2246 est
843 2233 855 2245 .
890 2194 943 2244 In
975 2196 1155 2243 extima
1190 2190 1379 2243 Vesicae
1411 2196 1605 2253 tunica,
1636 2191 1686 2246 &
1717 2197 1764 2244 in
1798 2193 2058 2261 superficie
2089 2196 2160 2244 in-
2185 2227 2277 2269 Adv
2319 2231 2383 2268 111

199 2282 342 2317 terna
373 2263 639 2327 Prostatae,
677 2264 761 2325 ubi
792 2285 856 2317 ne
893 2283 991 2317 una
1041 2264 1242 2332 quidem
1273 2263 1396 2317 fibra
1425 2266 1545 2317 vere
1593 2282 1770 2316 carnea
1806 2265 1915 2315 satis
1954 2266 2158 2335 perspici
2185 2259 2398 2331 An.3'7.38⁰.

194 2338 257 2388 ab
294 2338 396 2389 aliis
430 2335 618 2406 potest,
655 2338 752 2405 ipse
785 2338 865 2389 vel
899 2335 1152 2389 Musculos
1181 2334 1317 2388 facile
1346 2338 1507 2404 vider,
1532 2340 1582 2389 in
1613 2336 1743 2389 hisce
1777 2353 1943 2388 autem
1976 2338 2158 2390 Valvu-

190 2410 348 2472 lis,1'n
381 2408 555 2478 quibus
595 2427 694 2478 ego
735 2409 880 2461 fibras
910 2426 1113 2460 carneas
1145 2408 1541 2463 manifestissimas
1569 2409 1805 2472 ostend0,
1838 2410 1938 2480 ipse
1971 2410 2160 2461 mavult

193 2483 359 2534 nescio
394 2482 528 2551 quod
566 2478 799 2547 curiosum
833 2499 942 2534 rete
978 2500 1041 2532 ex
1071 2479 1193 2533 vafis
1223 2479 1389 2553 potius
1417 2482 1731 2553 sanguiferiS,
1751 2483 1898 2551 quam
1930 2502 1991 2536 ex
2023 2482 2163 2535 fibris

197 2557 385 2607 carneis
417 2554 690 2621 observari5
729 2556 960 2609 nimirum

1060 2665 1097 2690 a>
1131 2661 1201 2670 ----
1236 2625 1320 2678 hic
1351 2628 1435 2679 ubi
1473 2645 1599 2698 opus
1630 2626 1725 2690 est,

335 2731 371 2757 aa
408 2698 534 2749 Non
561 2714 796 2764 veretur,
835 2699 936 2752 illic
966 2698 1050 2751 ubi
1088 2699 1207 2750 nihil
1239 2718 1369 2770 opus
1410 2699 1510 2761 est„
1549 2700 1614 2752 ibi
1648 2717 1904 2761 veretur„

192 2766 344 2820 fibras
378 2784 580 2817 carneas
617 2787 837 2836 negare.
873 2772 937 2819 Et
974 2771 1055 2821 hic
1094 2774 1141 2821 in
1176 2774 1314 2821 unius
1351 2772 1546 2838 subjeffi
1588 2773 1824 2830 valvulis,
1876 2772 2059 2836 iisque,
2097 2787 2153 2822 ut

189 2844 239 2892 in
271 2837 476 2890 homine
509 2877 543 2901 aa
584 2858 644 2890 ex
674 2856 824 2890 aortae
856 2842 1177 2891 aneurismate
1218 2841 1400 2891 denar&
1433 2878 1467 2902 Ὢ
1503 2843 1703 2893 fortasse
1741 2840 2014 2903 morbosiS,
2051 2843 2157 2894 vasa

195 2908 357 2984 potius
394 2912 680 2979 sanguinea‚
702 2911 847 2980 quam
884 2911 1181 2963 musculares
1220 2911 1369 2963 fibras
1406 2914 1454 2963 se
1493 2911 1877 2976 demonstrasse,
1905 2915 2021 2966 mihi
2054 2934 2158 2967 nar-

191 3002 297 3046 rat,
338 2986 421 3052 qui
458 2987 506 3034 in
543 3002 621 3036 tot
661 2985 890 3037 cordium
930 2984 1063 3036 reste
1103 2983 1480 3038 constitutorum
1518 2985 1718 3038 valvulis
1765 2986 1915 3040 fibras
1955 3005 2155 3042 carnea-S

194 3056 567 3109 luculentisfime}
599 3055 930 3109 ostenderiml
984 3059 1166 3124 Neque
1204 3060 1337 3109 enim
1371 3060 1573 3110 memini
1603 3058 1908 3114 Pulmonaris
1945 3063 2159 3112 Arteriae

191 3130 412 3182 valvulas
451 3129 752 3199 explicatas,
780 3129 981 3199 objesto
1013 3148 1075 3180 ex
1111 3130 1262 3183 altera
1293 3147 1437 3202 parte
1466 3130 1915 3200 ltiinine,tiiiquam
1947 3133 2161 3202 inspexis-

188 3203 264 3265 se,
301 3206 422 3272 quin
456 3202 624 3274 plures
667 3203 958 3259 rubicundas
993 3202 1175 3268 fibram,
1213 3223 1315 3257 non
1353 3206 1402 3254 in
1433 3207 1552 3256 retis
1591 3205 1795 3259 modum
1838 3207 2161 3270 intertextam,

1333 3277 1376 3328 E
1449 3295 1481 3328 2
1927 3293 2093 3348 neque
