2576 3607
602 198 1413 272 AWJMADVERSJO
1507 203 1774 263 XVIII.
2005 230 2071 282 31

205 339 264 374 ea
295 331 459 368 autem
492 329 596 365 erat
625 310 970 380 longitudine,
1009 326 1065 363 ut
1099 309 1419 361 transversum
1455 308 1700 378 pollicem
1725 314 1980 380 superaret
2013 316 2034 380 (
2070 335 2168 387 qua

206 409 298 443 una
331 407 393 439 ex
436 405 490 438 re
521 385 670 454 quam
701 381 932 436 differant
983 384 1187 434 maximi
1221 380 1501 435 nostrorum
1547 381 1807 436 Du&uum
1838 387 1896 437 ab
1935 387 2009 442 his
2041 407 2168 459 quos

205 463 491 514 Terraneus
521 458 816 521 delineavit,
847 457 925 509 vel
954 454 1405 510 Animadversionis
1436 455 1628 509 Auctor
1659 456 1812 519 vidit„
1841 459 2045 530 intelligi
2080 481 2168 535 po-

202 532 332 600 test)
356 535 448 583 tria
476 532 555 584 vel
590 547 801 600 quatuor
842 530 1137 583 foraminula
1170 546 1480 599 apparuere,
1502 545 1719 597 quorum
1754 530 1842 582 alia
1876 530 2166 604 semiellipti-

203 626 290 669 εει,
331 607 424 658 alia
453 605 679 657 circulari
711 621 846 656 erant
874 604 1039 673 figura
1072 626 1083 670 3
1127 605 1279 673 idque
1308 605 1357 655 in
1389 619 1452 653 eo
1490 602 1706 668 subjecto
1745 602 1997 674 peculiare
2027 603 2170 658 habe-

201 680 427 743 bant2ut
457 677 883 747 quemadmodum
913 677 1167 745 Majorum
1199 675 1610 730 Canaliculorum
1641 673 1763 728 ostia
1791 676 1987 746 semper
2024 680 2073 730 in
2105 680 2172 730 su-

200 754 401 823 periore
433 755 624 823 pariete
655 745 984 809 urethrae3sic
1015 750 1112 817 ipsa
1145 752 1194 800 in
1224 751 1481 818 superiore
1501 748 1778 802 Canaliculi
1815 766 1991 818 parte,
2011 752 2056 802 in
2075 769 2175 802 una

203 827 485 893 eademque
516 825 646 876 linea
676 819 948 874 secundum
978 817 1195 872 urethrae
1228 821 1593 889 longitudinem
1617 823 2027 892 disponerentur3
2067 825 2174 876 Ho-

201 917 315 950 rum
347 903 512 965 itaque
542 898 624 946 uni
644 895 723 946 vel
758 894 899 945 alteri
933 893 1044 946 cum
1076 911 1277 946 tenuem
1307 893 1642 956 letam‚nulla
1672 898 1719 946 vi
1743 893 1994 959 adhibita,
2016 899 2173 948 immi-

200 970 397 1033 fissem,
430 970 559 1020 hanc
590 965 857 1020 secundum
891 967 1101 1019 eandem
1134 966 1459 1020 direstionem
1493 963 1870 1018 horizontaliter
1897 967 2173 1022 Prostatam

202 1042 474 1105 verstiS,ad
503 1042 715 1110 aliquam
748 1059 843 1111 pro
879 1039 1300 1093 foraminulorum
1334 1042 1527 1092 ratione
1558 1040 1923 1109 longitudinem
1956 1041 2173 1105 admitti,

199 1115 578 1171 luculentissime
604 1113 828 1167 ostendi.
881 1117 1021 1167 Num
1055 1132 1178 1167 vero
1217 1113 1266 1166 hi
1313 1116 1504 1166 minimi
1543 1113 1714 1167 ductus
1765 1115 1794 1165 e
1830 1114 2170 1184 peculiaribus

202 1189 447 1261 glandulis
491 1191 781 1242 enascantur
808 1226 824 1251 a
861 1187 983 1239 mihi
1015 1187 1239 1242 nondum
1288 1187 1406 1239 licet
1450 1205 1511 1237 ex
1543 1188 1794 1239 Anatome
1840 1185 2171 1256 constituere;

201 1282 305 1315 non
336 1279 503 1314 tamen
532 1263 684 1316 video
721 1262 839 1331 quid
877 1278 1032 1333 cogat
1062 1279 1241 1313 eorum
1276 1255 1531 1328 fiatebras
1567 1259 1698 1310 ultra
1725 1263 1942 1311 tunicam
1979 1257 2173 1326 fiberin-

192 1332 704 1408 genternficpponere3
741 1335 941 1404 quando
974 1335 1025 1390 δέ
1062 1335 1314 1404 ipsorum,
1349 1332 1404 1389 &
1439 1331 1696 1385 Duciuum
1729 1331 1914 1389 horum
1946 1336 2174 1386 omnium

199 1414 421 1471 tunicam,
461 1427 517 1462 ut
547 1409 654 1462 illas
680 1409 995 1461 vasculorum
1027 1407 1223 1461 testium
1264 1404 1550 1477 Malpighio
1597 1406 1797 1475 judice,
1834 1425 1931 1478 pro
1964 1406 2174 1478 glandu-

199 1482 316 1535 lofis
344 1480 563 1545 habere,
600 1480 719 1534 nihil
754 1480 1027 1553 prohibet.

405 1622 1586 1691 ANIMADVERSIO
1674 1622 1966 1690 XVIII.

362 1765 492 1819 Uod
521 1781 692 1817 autem
734 1762 988 1832 adjicitur:
1022 1802 1062 1828 a>
1109 1765 1212 1817 esse
1249 1761 1343 1817 hos
1379 1763 1557 1819 duetus
1593 1763 1891 1834 plerumque
1924 1765 1986 1816 ad
2018 1763 2171 1817 basim
2198 1780 2410 1826 Deiifdem.

398 1876 432 1903 ῃ
470 1838 687 1893 urethrae
717 1837 986 1902 solitarios,
1024 1856 1119 1890 nec
1149 1856 1276 1890 unos
1308 1841 1356 1890 in
1390 1837 1510 1891 alios
1541 1838 1588 1890 se
1626 1855 1928 1905 exonerare·>
1965 1875 2000 1903 7,
2054 1836 2172 1891 nihil

418 1914 480 1965 ad
512 1932 596 1964 me
627 1917 842 1982 pertinet
873 1949 890 1976 ,
927 1915 1011 1983 qui
1045 1913 1108 1964 de
1140 1910 1442 1965 Canaliculis
1472 1949 1490 1975 .‚
1528 1930 1628 1962 non
1667 1912 1731 1963 ad
1771 1909 1955 1974 basim,
1992 1911 2074 1963 sed
2123 1914 2172 1964 in

199 1987 454 2057 superiore
500 1986 718 2038 urethrae
754 1989 944 2056 pariete
988 1984 1263 2038 constitutis
1309 1985 1357 2037 id
1398 1985 1593 2037 doceo.
1707 1984 1833 2037 Illud
1870 1983 1993 2036 vero
2034 1983 2172 2054 quod

201 2060 451 2111 subditur:
483 2098 521 2123 ³>
568 2062 800 2113 Ordinem
842 2063 972 2112 inter
1017 2061 1063 2111 se
1099 2059 1146 2111 se
1183 2059 1472 2111 conservare
1520 2058 1781 2111 locationis
1836 2056 2029 2109 nullum
2064 2095 2080 2120 2
2118 2072 2174 2109 ut

201 2168 236 2197 „
273 2132 388 2184 ideo
420 2131 627 2184 obvient
654 2132 807 2184 oculo
836 2151 929 2202 per
956 2130 1213 2184 urethram
1245 2129 1395 2192 casu,
1433 2130 1741 2199 confuseque
1792 2127 1992 2199 disperfi
2025 2169 2041 2193 ‚
2079 2147 2173 2182 nec

200 2243 235 2269 a>
272 2223 366 2276 per
392 2204 576 2256 lineam
606 2203 851 2275 dispositi,
888 2221 943 2255 ut
978 2207 1208 2273 exprimit
1246 2206 1592 2272 Morgagnim3
1629 2240 1665 2265 Ἃ
1716 2205 1946 2271 quintum
1985 2221 2169 2271 nempe

200 2275 270 2330 est
313 2280 362 2330 in
399 2295 501 2347 quo
541 2277 732 2331 Auctor
770 2278 797 2329 a
843 2295 925 2329 me
965 2278 1204 2345 discrepat
1237 2300 1249 2341 3
1292 2277 1371 2327 sed
1412 2278 1658 2328 decimum
1701 2273 1839 2326 simul
1880 2274 1948 2327 est
1983 2277 2030 2326 in
2069 2292 2170 2341 quo

202 2349 420 2404 dissentit
449 2351 477 2402 a
498 2350 795 2403 Terraneo.
834 2351 936 2402 Hic
965 2353 1097 2402 enim
1127 2367 1190 2401 eo
1229 2349 1334 2418 ipso
1366 2349 1540 2402 ordine
1574 2365 1674 2417 quo
1709 2347 1831 2399 fabri
1867 2349 2070 2398 murarii
2107 2346 2169 2397 la·
2223 2355 2314 2398 <³³1³-
2338 2360 2372 2386 2·

199 2425 342 2493 pides
371 2422 565 2486 solent,
603 2422 703 2475 hoc
734 2421 802 2476 est
833 2423 1025 2476 alterno
1057 2461 1073 2485 a
1110 2424 1361 2475 Naturam
1405 2421 1617 2474 affirmat
1644 2458 1679 2484 7,
1715 2421 1930 2471 maxime
1967 2422 2017 2472 in
2048 2420 2176 2471 Inte-

201 2533 234 2560 „
271 2496 401 2550 stinis
430 2535 448 2560 a
488 2495 541 2551 δέ
581 2495 812 2549 Urethra
856 2496 1115 2566 glandulas
1144 2533 1161 2557 2
1201 2511 1473 2564 earumque
1512 2493 1711 2546 canales
1738 2528 1756 2535 -
1789 2493 2100 2562 disposuisse,
2138 2528 2172 2553 a>

205 2586 358 2638 atque
389 2570 522 2622 adeo
556 2570 836 2623 concludit:
872 2607 906 2632 aa
960 2585 1070 2637 quae
1109 2569 1392 2621 inordinatae
1422 2605 1438 2630 a
1481 2567 1530 2623 δε
1566 2566 1704 2620 velut
1736 2563 1947 2633 disjectae
1981 2582 2072 2633 per
2105 2567 2172 2615 in-

204 2678 249 2704 „
276 2645 459 2694 curiam
507 2646 668 2711 prima
718 2642 885 2695 fronte
929 2640 1257 2706 videbantur,
1295 2641 1556 2712 glandulas
1599 2658 1698 2692 non
1735 2638 1860 2690 tales
1888 2638 2005 2689 vere
2044 2636 2172 2697 esse,

199 2750 239 2776 >³
275 2715 353 2765 sed
405 2714 627 2778 alterne,
666 2719 977 2784 maximaque
1024 2732 1143 2767 cura
1192 2712 1472 2782 dispositas.
1508 2752 1543 2777 a>
1601 2714 1715 2781 Ego
1761 2712 1884 2764 vero
1924 2712 2171 2759 minorum

203 2784 410 2838 istorum
442 2785 677 2837 ductuum
715 2787 905 2839 orificia
941 2790 1007 2837 ita
1040 2790 1088 2839 in
1123 2806 1234 2839 mea
1265 2789 1447 2856 Figura
1485 2788 1680 2853 appinxi
1710 2819 1725 2842 a
1765 2799 1817 2831 ut
1848 2779 2173 2846 quemadmo-

206 2858 330 2909 dum
376 2874 434 2908 re
477 2857 578 2926 ipsa
622 2858 795 2908 videre
844 2858 1110 2915 consuevi,
1148 2857 1338 2905 nullum
1389 2870 1699 2922 magnopere
1743 2850 2005 2903 observent
2042 2851 2168 2901 ordi-

206 2947 352 2996 nem·²
394 2945 602 2992 contra,
638 2929 889 2997 Majorum
924 2930 988 2977 ita
1018 2928 1279 2996 proprium
1311 2926 1442 2988 esse,
1477 2925 1575 2976 vidi
1605 2962 1621 2985 ,
1660 2941 1714 2975 ut
1750 2925 1797 2975 in
1832 2924 2009 2974 eadem
2042 2921 2172 2975 recta

210 3001 381 3064 linea,
416 3000 566 3054 veluti
603 3000 655 3056 ὅ(
695 2997 922 3068 descripsi
954 3037 971 3061 ,
1009 2998 1060 3053 δε
1098 3000 1263 3067 pinxi,
1304 2998 1654 3064 disponantur,
1695 3013 1753 3047 ut
1803 2999 1850 3045 in
1896 2997 2082 3065 septem
2122 2994 2173 3049 ἃ·

211 3077 416 3146 triginta
447 3070 902 3136 observationibus,
942 3087 1156 3139 quatuor
1186 3109 1203 3134 ³
1240 3069 1373 3122 haud
1405 3068 1611 3140 amplius
1643 3107 1659 3131 ‚
1697 3070 1939 3121 inveniam
1972 3070 2020 3119 in
2059 3084 2174 3136 qua·

211 3166 325 3200 rum
355 3144 510 3197 tribus
541 3146 659 3213 lego
693 3184 710 3208 a
748 3149 808 3198 de
844 3144 1184 3197 Foraminibus
1233 3144 1440 3205 decem,
1480 3143 1542 3194 de
1588 3143 1695 3204 sex,
1733 3141 1796 3192 de
1834 3140 1948 3193 osto
1985 3158 2172 3200 unum,

209 3221 263 3271 in
294 3236 471 3289 quarta
500 3235 697 3282 autem,
720 3219 781 3270 de
802 3221 1017 3289 quinque
1036 3233 1200 3269 'unum
1229 3216 1308 3270 vel
1340 3216 1549 3268 alterum
1586 3219 1649 3267 ita
1681 3228 1816 3266 extra
1845 3212 2026 3266 lineam
2063 3211 2170 3264 fuis-

2024 3287 2100 3342 ic,
