<?xml version="1.0" encoding="UTF-8"?>
<!DOCTYPE html PUBLIC "-//W3C//DTD XHTML 1.0 Transitional//EN"
    "http://www.w3.org/TR/xhtml1/DTD/xhtml1-transitional.dtd">
<html xmlns="http://www.w3.org/1999/xhtml" xml:lang="en" lang="en">
 <head>
  <title>
</title>
<meta http-equiv="Content-Type" content="text/html;charset=utf-8" />
  <meta name='ocr-system' content='tesseract 3.04.00' />
  <meta name='ocr-capabilities' content='ocr_page ocr_carea ocr_par ocr_line ocrx_word'/>
</head>
<body>
  <div class='ocr_page' id='page_1' title='image "adversariaanatom00morg_0364.png"; bbox 0 0 2501 3602; ppageno 0'>
   <div class='ocr_carea' id='block_1_1' title="bbox 92 1321 233 1390">
    <p class='ocr_par' dir='ltr' id='par_1_1' title="bbox 92 1321 233 1390">
     <span class='ocr_line' id='line_1_1' title="bbox 92 1321 233 1390; baseline 0.007 -18"><span class='ocrx_word' id='word_1_1' title='bbox 92 1321 233 1390; x_wconf 86' lang='lat'><strong>418.</strong></span> 
     </span>
    </p>
   </div>
   <div class='ocr_carea' id='block_1_2' title="bbox 100 1934 226 1986">
    <p class='ocr_par' dir='ltr' id='par_1_2' title="bbox 100 1934 226 1986">
     <span class='ocr_line' id='line_1_2' title="bbox 100 1934 226 1986; baseline 0 0"><span class='ocrx_word' id='word_1_2' title='bbox 100 1934 226 1986; x_wconf 84' lang='lat'><strong>419</strong></span> 
     </span>
    </p>
   </div>
   <div class='ocr_carea' id='block_1_3' title="bbox 90 2111 234 2162">
    <p class='ocr_par' dir='ltr' id='par_1_3' title="bbox 90 2111 234 2162">
     <span class='ocr_line' id='line_1_3' title="bbox 90 2111 234 2162; baseline 0 -17"><span class='ocrx_word' id='word_1_3' title='bbox 90 2111 234 2162; x_wconf 78' lang='lat'><strong>424.</strong></span> 
     </span>
    </p>
   </div>
   <div class='ocr_carea' id='block_1_4' title="bbox 93 2742 234 2793">
    <p class='ocr_par' dir='ltr' id='par_1_4' title="bbox 93 2742 234 2793">
     <span class='ocr_line' id='line_1_4' title="bbox 93 2742 234 2793; baseline 0 -17"><span class='ocrx_word' id='word_1_4' title='bbox 93 2742 234 2793; x_wconf 72' lang='lat'><strong>423.</strong></span> 
     </span>
    </p>
   </div>
   <div class='ocr_carea' id='block_1_5' title="bbox 414 200 2178 441">
    <p class='ocr_par' dir='ltr' id='par_1_5' title="bbox 414 200 2178 441">
     <span class='ocr_line' id='line_1_5' title="bbox 414 200 1926 287; baseline 0.001 -14"><span class='ocrx_word' id='word_1_5' title='bbox 414 236 533 274; x_wconf 59' lang='grc' dir='ltr'>ω</span> <span class='ocrx_word' id='word_1_6' title='bbox 694 210 1371 287; x_wconf 71' lang='lat' dir='ltr'><em>ADVERSARJA</em></span> <span class='ocrx_word' id='word_1_7' title='bbox 1439 200 1751 273; x_wconf 67' lang='lat' dir='ltr'><em>AwAT.</em></span> <span class='ocrx_word' id='word_1_8' title='bbox 1812 215 1926 275; x_wconf 82' lang='lat' dir='ltr'><strong>VJ.</strong></span> 
     </span>
     <span class='ocr_line' id='line_1_6' title="bbox 433 365 2178 441; baseline 0.002 -5"><span class='ocrx_word' id='word_1_9' title='bbox 433 365 1645 440; x_wconf 85' lang='lat' dir='ltr'>ANIMADVERSIO</span> <span class='ocrx_word' id='word_1_10' title='bbox 1739 367 2178 441; x_wconf 88' lang='lat' dir='ltr'>LXXXVI.</span> 
     </span>
    </p>
   </div>
   <div class='ocr_carea' id='block_1_6' title="bbox 283 531 2298 3302">
    <p class='ocr_par' dir='ltr' id='par_1_6' title="bbox 283 531 2298 3302">
     <span class='ocr_line' id='line_1_7' title="bbox 475 531 2293 611; baseline 0.002 -23"><span class='ocrx_word' id='word_1_11' title='bbox 475 536 633 607; x_wconf 84' lang='lat' dir='ltr'>Tque</span> <span class='ocrx_word' id='word_1_12' title='bbox 662 539 850 589; x_wconf 87' lang='lat' dir='ltr'><strong>utinam</strong></span> <span class='ocrx_word' id='word_1_13' title='bbox 881 531 1223 606; x_wconf 84' lang='lat' dir='ltr'><strong>Typographi</strong></span> <span class='ocrx_word' id='word_1_14' title='bbox 1255 533 1449 588; x_wconf 77' lang='lat' dir='ltr'><strong>tantum</strong></span> <span class='ocrx_word' id='word_1_15' title='bbox 1483 535 1500 598; x_wconf 69' lang='grc' dir='ltr'>ζ</span> <span class='ocrx_word' id='word_1_16' title='bbox 1536 533 1639 589; x_wconf 76' lang='lat' dir='ltr'><strong>non</strong></span> <span class='ocrx_word' id='word_1_17' title='bbox 1668 531 1793 589; x_wconf 77' lang='lat' dir='ltr'><strong>vero</strong></span> <span class='ocrx_word' id='word_1_18' title='bbox 1829 537 1980 589; x_wconf 88' lang='lat' dir='ltr'><strong>etiam</strong></span> <span class='ocrx_word' id='word_1_19' title='bbox 2012 541 2293 611; x_wconf 85' lang='lat' dir='ltr'><strong>Scalptores</strong></span> 
     </span>
     <span class='ocr_line' id='line_1_8' title="bbox 308 539 2296 683; baseline 0.002 -21"><span class='ocrx_word' id='word_1_20' title='bbox 308 539 467 678; x_wconf 82' lang='lat' dir='ltr'><strong>A</strong></span> <span class='ocrx_word' id='word_1_21' title='bbox 510 609 871 680; x_wconf 80' lang='lat' dir='ltr'><strong>peccavissent:</strong></span> <span class='ocrx_word' id='word_1_22' title='bbox 909 612 992 675; x_wconf 90' lang='lat' dir='ltr'><strong>qui</strong></span> <span class='ocrx_word' id='word_1_23' title='bbox 1029 610 1079 659; x_wconf 89' lang='lat' dir='ltr'><strong>in</strong></span> <span class='ocrx_word' id='word_1_24' title='bbox 1113 604 1199 659; x_wconf 83' lang='lat' dir='ltr'><strong>ista</strong></span> <span class='ocrx_word' id='word_1_25' title='bbox 1229 609 1436 676; x_wconf 89' lang='lat' dir='ltr'><strong>quidem</strong></span> <span class='ocrx_word' id='word_1_26' title='bbox 1471 609 1569 680; x_wconf 87' lang='lat' dir='ltr'><strong>ipsa</strong></span> <span class='ocrx_word' id='word_1_27' title='bbox 1602 607 1800 662; x_wconf 85' lang='lat' dir='ltr'><strong>Tabula</strong></span> <span class='ocrx_word' id='word_1_28' title='bbox 1830 611 1949 663; x_wconf 87' lang='lat' dir='ltr'><strong>CV.</strong></span> <span class='ocrx_word' id='word_1_29' title='bbox 1970 610 2121 680; x_wconf 76' lang='lat' dir='ltr'><strong>quam</strong></span> <span class='ocrx_word' id='word_1_30' title='bbox 2152 612 2296 683; x_wconf 73' lang='lat' dir='ltr'><strong>saepe,</strong></span> 
     </span>
     <span class='ocr_line' id='line_1_9' title="bbox 310 679 2295 754; baseline 0.002 -20"><span class='ocrx_word' id='word_1_31' title='bbox 310 685 365 740; x_wconf 69' lang='grc' dir='ltr'><strong>ἅν</strong></span> <span class='ocrx_word' id='word_1_32' title='bbox 403 686 625 754; x_wconf 84' lang='lat' dir='ltr'><strong>graviter</strong></span> <span class='ocrx_word' id='word_1_33' title='bbox 657 682 736 733; x_wconf 91' lang='lat' dir='ltr'><strong>vel</strong></span> <span class='ocrx_word' id='word_1_34' title='bbox 770 683 816 730; x_wconf 91' lang='lat' dir='ltr'><strong>in</strong></span> <span class='ocrx_word' id='word_1_35' title='bbox 852 679 965 731; x_wconf 84' lang='lat' dir='ltr'><strong>solis</strong></span> <span class='ocrx_word' id='word_1_36' title='bbox 999 679 1263 745; x_wconf 73' lang='lat' dir='ltr'><strong>Officulis,</strong></span> <span class='ocrx_word' id='word_1_37' title='bbox 1301 699 1585 752; x_wconf 88' lang='lat' dir='ltr'><strong>eorumque</strong></span> <span class='ocrx_word' id='word_1_38' title='bbox 1613 683 1851 736; x_wconf 86' lang='lat' dir='ltr'><strong>Musculis</strong></span> <span class='ocrx_word' id='word_1_39' title='bbox 1881 686 2194 746; x_wconf 73' lang='lat' dir='ltr'><strong>erraverint,</strong></span> <span class='ocrx_word' id='word_1_40' title='bbox 2231 689 2295 737; x_wconf 88' lang='lat' dir='ltr'><strong>vi-</strong></span> 
     </span>
     <span class='ocr_line' id='line_1_10' title="bbox 311 750 2296 824; baseline 0.001 -15"><span class='ocrx_word' id='word_1_41' title='bbox 311 757 376 809; x_wconf 91' lang='lat' dir='ltr'><strong>de</strong></span> <span class='ocrx_word' id='word_1_42' title='bbox 397 796 409 807; x_wconf 90' lang='lat'><strong>.</strong></span> <span class='ocrx_word' id='word_1_43' title='bbox 447 758 499 808; x_wconf 91' lang='lat' dir='ltr'><strong>In</strong></span> <span class='ocrx_word' id='word_1_44' title='bbox 529 757 710 822; x_wconf 84' lang='lat' dir='ltr'><strong>Figura</strong></span> <span class='ocrx_word' id='word_1_45' title='bbox 741 753 873 803; x_wconf 89' lang='lat' dir='ltr'><strong>enim</strong></span> <span class='ocrx_word' id='word_1_46' title='bbox 916 750 998 805; x_wconf 83' lang='lat'><strong>18.</strong></span> <span class='ocrx_word' id='word_1_47' title='bbox 1039 753 1214 806; x_wconf 86' lang='lat' dir='ltr'><strong>Mallei</strong></span> <span class='ocrx_word' id='word_1_48' title='bbox 1249 755 1569 809; x_wconf 80' lang='lat' dir='ltr'>manubrium</span> <span class='ocrx_word' id='word_1_49' title='bbox 1594 758 1735 824; x_wconf 50' lang='lat' dir='ltr'><strong>‘quod</strong></span> <span class='ocrx_word' id='word_1_50' title='bbox 1777 756 1840 808; x_wconf 88' lang='lat' dir='ltr'><strong>ad</strong></span> <span class='ocrx_word' id='word_1_51' title='bbox 1872 773 2104 809; x_wconf 86' lang='lat' dir='ltr'><strong>centrum</strong></span> <span class='ocrx_word' id='word_1_52' title='bbox 2141 773 2296 810; x_wconf 88' lang='lat' dir='ltr'><strong>mem-</strong></span> 
     </span>
     <span class='ocr_line' id='line_1_11' title="bbox 311 824 2297 901; baseline -0.001 -20"><span class='ocrx_word' id='word_1_53' title='bbox 311 829 480 881; x_wconf 87' lang='lat' dir='ltr'><strong>branae</strong></span> <span class='ocrx_word' id='word_1_54' title='bbox 510 827 740 897; x_wconf 77' lang='lat' dir='ltr'>tympani</span> <span class='ocrx_word' id='word_1_55' title='bbox 769 824 902 878; x_wconf 84' lang='lat' dir='ltr'><strong>finiri</strong></span> <span class='ocrx_word' id='word_1_56' title='bbox 935 843 1199 897; x_wconf 85' lang='lat' dir='ltr'><strong>oporteret</strong></span> <span class='ocrx_word' id='word_1_57' title='bbox 1231 866 1249 890; x_wconf 74' lang='grc'><em>,</em></span> <span class='ocrx_word' id='word_1_58' title='bbox 1302 829 1363 882; x_wconf 87' lang='lat' dir='ltr'><strong>ad</strong></span> <span class='ocrx_word' id='word_1_59' title='bbox 1401 827 1741 901; x_wconf 89' lang='lat' dir='ltr'><strong>peripheriam</strong></span> <span class='ocrx_word' id='word_1_60' title='bbox 1777 829 1940 882; x_wconf 76' lang='lat' dir='ltr'><strong>ferme</strong></span> <span class='ocrx_word' id='word_1_61' title='bbox 1975 831 2297 900; x_wconf 76' lang='lat' dir='ltr'><strong>producunt3</strong></span> 
     </span>
     <span class='ocr_line' id='line_1_12' title="bbox 310 897 2296 974; baseline 0 -19"><span class='ocrx_word' id='word_1_62' title='bbox 310 904 389 955; x_wconf 86' lang='lat' dir='ltr'><strong>Os</strong></span> <span class='ocrx_word' id='word_1_63' title='bbox 420 914 589 951; x_wconf 84' lang='lat' dir='ltr'><strong>autem</strong></span> <span class='ocrx_word' id='word_1_64' title='bbox 619 897 923 953; x_wconf 85' lang='lat' dir='ltr'><strong>Orbiculare</strong></span> <span class='ocrx_word' id='word_1_65' title='bbox 958 898 1145 953; x_wconf 67' lang='lat' dir='ltr'><strong>distum</strong></span> <span class='ocrx_word' id='word_1_66' title='bbox 1181 898 1292 954; x_wconf 76' lang='lat' dir='ltr'><strong>cum</strong></span> <span class='ocrx_word' id='word_1_67' title='bbox 1329 900 1432 955; x_wconf 85' lang='lat' dir='ltr'><strong>istic</strong></span> <span class='ocrx_word' id='word_1_68' title='bbox 1462 941 1478 967; x_wconf 58' lang='lat'>³</span> <span class='ocrx_word' id='word_1_69' title='bbox 1534 919 1642 955; x_wconf 92' lang='lat' dir='ltr'><strong>tum</strong></span> <span class='ocrx_word' id='word_1_70' title='bbox 1678 906 1725 955; x_wconf 90' lang='lat' dir='ltr'><strong>in</strong></span> <span class='ocrx_word' id='word_1_71' title='bbox 1769 902 1997 971; x_wconf 69' lang='lat' dir='ltr'><strong>subjestis</strong></span> <span class='ocrx_word' id='word_1_72' title='bbox 2046 902 2296 974; x_wconf 85' lang='lat' dir='ltr'><strong>plerisque</strong></span> 
     </span>
     <span class='ocr_line' id='line_1_13' title="bbox 308 971 2297 1045; baseline 0 -19"><span class='ocrx_word' id='word_1_73' title='bbox 308 973 504 1043; x_wconf 76' lang='lat' dir='ltr'><strong>Figuris</strong></span> <span class='ocrx_word' id='word_1_74' title='bbox 538 971 702 1024; x_wconf 69' lang='lat' dir='ltr'><strong>multo</strong></span> <span class='ocrx_word' id='word_1_75' title='bbox 735 971 886 1041; x_wconf 75' lang='lat' dir='ltr'><strong>quam</strong></span> <span class='ocrx_word' id='word_1_76' title='bbox 920 972 1003 1026; x_wconf 82' lang='lat' dir='ltr'><strong>CI.</strong></span> <span class='ocrx_word' id='word_1_77' title='bbox 1041 993 1218 1027; x_wconf 88' lang='lat' dir='ltr'><strong>earum</strong></span> <span class='ocrx_word' id='word_1_78' title='bbox 1247 974 1475 1039; x_wconf 55' lang='lat' dir='ltr'><strong>Auctor,</strong></span> <span class='ocrx_word' id='word_1_79' title='bbox 1516 976 1731 1045; x_wconf 87' lang='lat' dir='ltr'><strong>amplius</strong></span> <span class='ocrx_word' id='word_1_80' title='bbox 1766 975 2035 1030; x_wconf 84' lang='lat' dir='ltr'><strong>exhibent.</strong></span> <span class='ocrx_word' id='word_1_81' title='bbox 2072 977 2126 1028; x_wconf 92' lang='lat' dir='ltr'><strong>In</strong></span> <span class='ocrx_word' id='word_1_82' title='bbox 2155 977 2297 1044; x_wconf 84' lang='lat' dir='ltr'><strong>Figu-</strong></span> 
     </span>
     <span class='ocr_line' id='line_1_14' title="bbox 307 1045 2298 1119; baseline 0.001 -21"><span class='ocrx_word' id='word_1_83' title='bbox 307 1064 364 1098; x_wconf 87' lang='lat' dir='ltr'><strong>ra</strong></span> <span class='ocrx_word' id='word_1_84' title='bbox 401 1063 481 1112; x_wconf 88' lang='lat'><strong>19.</strong></span> <span class='ocrx_word' id='word_1_85' title='bbox 511 1063 608 1118; x_wconf 90' lang='lat' dir='ltr'><strong>pro</strong></span> <span class='ocrx_word' id='word_1_86' title='bbox 644 1045 866 1115; x_wconf 87' lang='lat' dir='ltr'><strong>ejusdem</strong></span> <span class='ocrx_word' id='word_1_87' title='bbox 896 1045 1070 1100; x_wconf 85' lang='lat' dir='ltr'><strong>Mallei</strong></span> <span class='ocrx_word' id='word_1_88' title='bbox 1099 1045 1335 1101; x_wconf 82' lang='lat' dir='ltr'><strong>Proceffu</strong></span> <span class='ocrx_word' id='word_1_89' title='bbox 1368 1051 1586 1102; x_wconf 88' lang='lat' dir='ltr'><strong>Minimo</strong></span> <span class='ocrx_word' id='word_1_90' title='bbox 1617 1087 1634 1111; x_wconf 81' lang='lat'>,</span> <span class='ocrx_word' id='word_1_91' title='bbox 1669 1049 1880 1119; x_wconf 84' lang='lat' dir='ltr'><strong>Majoris</strong></span> <span class='ocrx_word' id='word_1_92' title='bbox 1918 1048 2069 1119; x_wconf 84' lang='lat' dir='ltr'><strong>ipsius</strong></span> <span class='ocrx_word' id='word_1_93' title='bbox 2096 1047 2298 1101; x_wconf 90' lang='lat' dir='ltr'><strong>Proces-</strong></span> 
     </span>
     <span class='ocr_line' id='line_1_15' title="bbox 307 1119 2295 1192; baseline -0.001 -20"><span class='ocrx_word' id='word_1_94' title='bbox 307 1119 384 1172; x_wconf 91' lang='lat' dir='ltr'><strong>sus</strong></span> <span class='ocrx_word' id='word_1_95' title='bbox 412 1136 642 1190; x_wconf 75' lang='lat' dir='ltr'><strong>partem‚</strong></span> <span class='ocrx_word' id='word_1_96' title='bbox 681 1136 737 1171; x_wconf 90' lang='lat' dir='ltr'><strong>ut</strong></span> <span class='ocrx_word' id='word_1_97' title='bbox 771 1121 822 1172; x_wconf 92' lang='lat' dir='ltr'><strong>in</strong></span> <span class='ocrx_word' id='word_1_98' title='bbox 859 1137 944 1187; x_wconf 83' lang='lat'><strong>30.</strong></span> <span class='ocrx_word' id='word_1_99' title='bbox 980 1137 1076 1190; x_wconf 89' lang='lat' dir='ltr'><strong>pro</strong></span> <span class='ocrx_word' id='word_1_100' title='bbox 1109 1122 1292 1174; x_wconf 89' lang='lat' dir='ltr'><strong>eodem</strong></span> <span class='ocrx_word' id='word_1_101' title='bbox 1335 1119 1459 1175; x_wconf 80' lang='lat' dir='ltr'><strong>Offe</strong></span> <span class='ocrx_word' id='word_1_102' title='bbox 1511 1120 1802 1176; x_wconf 85' lang='lat' dir='ltr'><strong>Orbiculari</strong></span> <span class='ocrx_word' id='word_1_103' title='bbox 1839 1122 2073 1192; x_wconf 86' lang='lat' dir='ltr'><strong>Stapedis</strong></span> <span class='ocrx_word' id='word_1_104' title='bbox 2119 1122 2295 1190; x_wconf 86' lang='lat' dir='ltr'><strong>Caput</strong></span> 
     </span>
     <span class='ocr_line' id='line_1_16' title="bbox 307 1191 2292 1265; baseline 0 -19"><span class='ocrx_word' id='word_1_105' title='bbox 307 1191 650 1247; x_wconf 82' lang='lat' dir='ltr'><strong>demonstrant</strong></span> <span class='ocrx_word' id='word_1_106' title='bbox 683 1234 694 1245; x_wconf 91' lang='lat'><strong>.</strong></span> <span class='ocrx_word' id='word_1_107' title='bbox 730 1194 784 1246; x_wconf 91' lang='lat' dir='ltr'><strong>In</strong></span> <span class='ocrx_word' id='word_1_108' title='bbox 820 1213 901 1246; x_wconf 85' lang='lat'><strong>20.</strong></span> <span class='ocrx_word' id='word_1_109' title='bbox 937 1192 1233 1248; x_wconf 87' lang='lat' dir='ltr'><strong>abnormem</strong></span> <span class='ocrx_word' id='word_1_110' title='bbox 1265 1195 1466 1265; x_wconf 85' lang='lat' dir='ltr'><strong>prorsus</strong></span> <span class='ocrx_word' id='word_1_111' title='bbox 1494 1232 1512 1258; x_wconf 61' lang='lat'>3</span> <span class='ocrx_word' id='word_1_112' title='bbox 1563 1212 1623 1246; x_wconf 90' lang='lat' dir='ltr'><strong>ac</strong></span> <span class='ocrx_word' id='word_1_113' title='bbox 1654 1193 1978 1248; x_wconf 84' lang='lat' dir='ltr'><strong>monstrosam</strong></span> <span class='ocrx_word' id='word_1_114' title='bbox 2007 1194 2203 1247; x_wconf 87' lang='lat' dir='ltr'><strong>Incudis</strong></span> <span class='ocrx_word' id='word_1_115' title='bbox 2238 1192 2292 1246; x_wconf 88' lang='lat' dir='ltr'><strong>fi-</strong></span> 
     </span>
     <span class='ocr_line' id='line_1_17' title="bbox 305 1265 2292 1337; baseline -0.001 -19"><span class='ocrx_word' id='word_1_116' title='bbox 305 1283 487 1337; x_wconf 82' lang='lat' dir='ltr'><strong>guram</strong></span> <span class='ocrx_word' id='word_1_117' title='bbox 519 1265 791 1320; x_wconf 83' lang='lat' dir='ltr'><strong>exhibent:</strong></span> <span class='ocrx_word' id='word_1_118' title='bbox 824 1283 981 1335; x_wconf 84' lang='lat' dir='ltr'><strong>quam</strong></span> <span class='ocrx_word' id='word_1_119' title='bbox 1012 1271 1163 1321; x_wconf 88' lang='lat' dir='ltr'><strong>etiam</strong></span> <span class='ocrx_word' id='word_1_120' title='bbox 1197 1271 1246 1321; x_wconf 92' lang='lat' dir='ltr'><strong>in</strong></span> <span class='ocrx_word' id='word_1_121' title='bbox 1288 1266 1484 1337; x_wconf 82' lang='lat'><strong>24.&amp;2</strong></span> <span class='ocrx_word' id='word_1_122' title='bbox 1489 1283 1542 1333; x_wconf 88' lang='lat'><strong>5.</strong></span> <span class='ocrx_word' id='word_1_123' title='bbox 1584 1268 1859 1322; x_wconf 79' lang='lat' dir='ltr'>admodum</span> <span class='ocrx_word' id='word_1_124' title='bbox 1891 1268 2096 1320; x_wconf 88' lang='lat' dir='ltr'><strong>vitiant.</strong></span> <span class='ocrx_word' id='word_1_125' title='bbox 2135 1268 2186 1320; x_wconf 87' lang='lat' dir='ltr'><strong>In</strong></span> <span class='ocrx_word' id='word_1_126' title='bbox 2207 1286 2236 1317; x_wconf 82' lang='lat'>2</span> <span class='ocrx_word' id='word_1_127' title='bbox 2243 1285 2292 1333; x_wconf 82' lang='lat'><strong>3.</strong></span> 
     </span>
     <span class='ocr_line' id='line_1_18' title="bbox 305 1336 2294 1412; baseline -0.004 -15"><span class='ocrx_word' id='word_1_128' title='bbox 305 1339 526 1397; x_wconf 84' lang='lat' dir='ltr'><strong>Musculi</strong></span> <span class='ocrx_word' id='word_1_129' title='bbox 557 1336 812 1395; x_wconf 77' lang='lat' dir='ltr'><strong>Processus</strong></span> <span class='ocrx_word' id='word_1_130' title='bbox 840 1340 1052 1409; x_wconf 69' lang='lat' dir='ltr'><strong>Maioris</strong></span> <span class='ocrx_word' id='word_1_131' title='bbox 1082 1342 1257 1396; x_wconf 87' lang='lat' dir='ltr'><strong>Mallei</strong></span> <span class='ocrx_word' id='word_1_132' title='bbox 1293 1342 1551 1397; x_wconf 87' lang='lat' dir='ltr'><strong>tendinem</strong></span> <span class='ocrx_word' id='word_1_133' title='bbox 1588 1339 1830 1412; x_wconf 71' lang='lat' dir='ltr'><strong>quantum</strong></span> <span class='ocrx_word' id='word_1_134' title='bbox 1865 1340 2294 1410; x_wconf 77' lang='lat' dir='ltr'><strong>amplificaverint,</strong></span> 
     </span>
     <span class='ocr_line' id='line_1_19' title="bbox 304 1413 2293 1482; baseline -0.002 -16"><span class='ocrx_word' id='word_1_135' title='bbox 304 1433 460 1467; x_wconf 86' lang='lat' dir='ltr'><strong>nemo</strong></span> <span class='ocrx_word' id='word_1_136' title='bbox 493 1415 703 1479; x_wconf 63' lang='lat' dir='ltr'><strong>credet³</strong></span> <span class='ocrx_word' id='word_1_137' title='bbox 741 1413 829 1467; x_wconf 80' lang='lat' dir='ltr'><strong>nisi</strong></span> <span class='ocrx_word' id='word_1_138' title='bbox 858 1417 942 1482; x_wconf 88' lang='lat' dir='ltr'><strong>qui</strong></span> <span class='ocrx_word' id='word_1_139' title='bbox 975 1432 1062 1469; x_wconf 87' lang='lat' dir='ltr'><strong>aut</strong></span> <span class='ocrx_word' id='word_1_140' title='bbox 1097 1434 1212 1469; x_wconf 89' lang='lat' dir='ltr'><strong>cum</strong></span> <span class='ocrx_word' id='word_1_141' title='bbox 1244 1434 1400 1478; x_wconf 72' lang='lat' dir='ltr'><strong>vem,</strong></span> <span class='ocrx_word' id='word_1_142' title='bbox 1438 1431 1522 1468; x_wconf 84' lang='lat' dir='ltr'><strong>aut</strong></span> <span class='ocrx_word' id='word_1_143' title='bbox 1556 1433 1672 1468; x_wconf 89' lang='lat' dir='ltr'><strong>cum</strong></span> <span class='ocrx_word' id='word_1_144' title='bbox 1706 1414 2018 1469; x_wconf 78' lang='lat' dir='ltr'><strong>Solertissimi</strong></span> <span class='ocrx_word' id='word_1_145' title='bbox 2056 1413 2293 1467; x_wconf 85' lang='lat' dir='ltr'><strong>Valsalvae</strong></span> 
     </span>
     <span class='ocr_line' id='line_1_20' title="bbox 304 1485 2294 1561; baseline 0 -23"><span class='ocrx_word' id='word_1_146' title='bbox 304 1487 591 1558; x_wconf 84' lang='lat' dir='ltr'><strong>archetypo</strong></span> <span class='ocrx_word' id='word_1_147' title='bbox 623 1491 1024 1561; x_wconf 81' lang='lat' dir='ltr'><strong>comparaverit.</strong></span> <span class='ocrx_word' id='word_1_148' title='bbox 1127 1489 1294 1544; x_wconf 86' lang='lat' dir='ltr'><strong>Multa</strong></span> <span class='ocrx_word' id='word_1_149' title='bbox 1325 1489 1418 1541; x_wconf 88' lang='lat' dir='ltr'><strong>alia</strong></span> <span class='ocrx_word' id='word_1_150' title='bbox 1452 1505 1563 1558; x_wconf 86' lang='lat' dir='ltr'><strong>quae</strong></span> <span class='ocrx_word' id='word_1_151' title='bbox 1596 1491 1646 1544; x_wconf 92' lang='lat' dir='ltr'><strong>in</strong></span> <span class='ocrx_word' id='word_1_152' title='bbox 1677 1509 1771 1543; x_wconf 87' lang='lat' dir='ltr'><strong>una</strong></span> <span class='ocrx_word' id='word_1_153' title='bbox 1803 1487 1891 1542; x_wconf 87' lang='lat' dir='ltr'><strong>ista</strong></span> <span class='ocrx_word' id='word_1_154' title='bbox 1922 1485 2123 1539; x_wconf 83' lang='lat' dir='ltr'><strong>Tabula</strong></span> <span class='ocrx_word' id='word_1_155' title='bbox 2153 1488 2294 1550; x_wconf 74' lang='lat' dir='ltr'><strong>sunt,</strong></span> 
     </span>
     <span class='ocr_line' id='line_1_21' title="bbox 302 1560 2294 1635; baseline -0.001 -22"><span class='ocrx_word' id='word_1_156' title='bbox 302 1577 470 1613; x_wconf 87' lang='lat' dir='ltr'><strong>errata</strong></span> <span class='ocrx_word' id='word_1_157' title='bbox 503 1561 731 1614; x_wconf 74' lang='lat' dir='ltr'><strong>consulto</strong></span> <span class='ocrx_word' id='word_1_158' title='bbox 760 1565 1073 1635; x_wconf 74' lang='lat' dir='ltr'><strong>praeterimus</strong></span> <span class='ocrx_word' id='word_1_159' title='bbox 1102 1586 1117 1629; x_wconf 76' lang='lat'>3</span> <span class='ocrx_word' id='word_1_160' title='bbox 1158 1581 1272 1615; x_wconf 86' lang='lat' dir='ltr'><strong>nam</strong></span> <span class='ocrx_word' id='word_1_161' title='bbox 1307 1561 1345 1615; x_wconf 86' lang='lat' dir='ltr'><strong>fi</strong></span> <span class='ocrx_word' id='word_1_162' title='bbox 1377 1579 1484 1632; x_wconf 86' lang='lat' dir='ltr'><strong>quae</strong></span> <span class='ocrx_word' id='word_1_163' title='bbox 1513 1563 1594 1616; x_wconf 89' lang='lat' dir='ltr'><strong>vel</strong></span> <span class='ocrx_word' id='word_1_164' title='bbox 1627 1567 1674 1616; x_wconf 92' lang='lat' dir='ltr'><strong>in</strong></span> <span class='ocrx_word' id='word_1_165' title='bbox 1713 1562 1957 1625; x_wconf 80' lang='lat' dir='ltr'><strong>eandem,</strong></span> <span class='ocrx_word' id='word_1_166' title='bbox 1998 1560 2077 1614; x_wconf 88' lang='lat' dir='ltr'><strong>vel</strong></span> <span class='ocrx_word' id='word_1_167' title='bbox 2107 1563 2157 1613; x_wconf 89' lang='lat' dir='ltr'><strong>in</strong></span> <span class='ocrx_word' id='word_1_168' title='bbox 2191 1576 2294 1612; x_wconf 89' lang='lat' dir='ltr'><strong>tres</strong></span> 
     </span>
     <span class='ocr_line' id='line_1_22' title="bbox 302 1633 2290 1708; baseline -0.001 -23"><span class='ocrx_word' id='word_1_169' title='bbox 302 1633 420 1686; x_wconf 82' lang='lat' dir='ltr'><strong>alias</strong></span> <span class='ocrx_word' id='word_1_170' title='bbox 452 1633 676 1688; x_wconf 80' lang='lat' dir='ltr'>Tabulas</span> <span class='ocrx_word' id='word_1_171' title='bbox 707 1674 725 1699; x_wconf 76' lang='lat'>,</span> <span class='ocrx_word' id='word_1_172' title='bbox 774 1654 1050 1706; x_wconf 84' lang='lat' dir='ltr'><strong>earumque</strong></span> <span class='ocrx_word' id='word_1_173' title='bbox 1092 1637 1466 1706; x_wconf 83' lang='lat' dir='ltr'><strong>Explicationes</strong></span> <span class='ocrx_word' id='word_1_174' title='bbox 1499 1638 1620 1689; x_wconf 90' lang='lat' dir='ltr'><strong>vitia</strong></span> <span class='ocrx_word' id='word_1_175' title='bbox 1659 1636 1901 1708; x_wconf 85' lang='lat' dir='ltr'><strong>irrepsere</strong></span> <span class='ocrx_word' id='word_1_176' title='bbox 1931 1672 1949 1699; x_wconf 66' lang='lat' dir='ltr'><strong>a</strong></span> <span class='ocrx_word' id='word_1_177' title='bbox 2006 1652 2063 1686; x_wconf 88' lang='lat' dir='ltr'><strong>ea</strong></span> <span class='ocrx_word' id='word_1_178' title='bbox 2111 1650 2290 1686; x_wconf 90' lang='lat' dir='ltr'><strong>notare</strong></span> 
     </span>
     <span class='ocr_line' id='line_1_23' title="bbox 301 1706 2289 1781; baseline -0.001 -22"><span class='ocrx_word' id='word_1_179' title='bbox 301 1710 474 1761; x_wconf 85' lang='lat' dir='ltr'><strong>omnia</strong></span> <span class='ocrx_word' id='word_1_180' title='bbox 504 1708 779 1778; x_wconf 77' lang='lat' dir='ltr'><strong>vellemus3</strong></span> <span class='ocrx_word' id='word_1_181' title='bbox 814 1710 928 1763; x_wconf 86' lang='lat' dir='ltr'><strong>finis</strong></span> <span class='ocrx_word' id='word_1_182' title='bbox 957 1709 1189 1781; x_wconf 54' lang='lat' dir='ltr'><strong>profecto</strong></span> <span class='ocrx_word' id='word_1_183' title='bbox 1221 1728 1476 1779; x_wconf 88' lang='lat' dir='ltr'><strong>nunquam</strong></span> <span class='ocrx_word' id='word_1_184' title='bbox 1509 1710 1686 1763; x_wconf 85' lang='lat' dir='ltr'><strong>fieret.</strong></span> <span class='ocrx_word' id='word_1_185' title='bbox 1724 1714 1970 1764; x_wconf 80' lang='lat' dir='ltr'><strong>Attamen</strong></span> <span class='ocrx_word' id='word_1_186' title='bbox 1999 1706 2289 1769; x_wconf 54' lang='lat' dir='ltr'><strong>Lefftorum³</strong></span> 
     </span>
     <span class='ocr_line' id='line_1_24' title="bbox 300 1779 2291 1854; baseline -0.001 -23"><span class='ocrx_word' id='word_1_187' title='bbox 300 1780 409 1833; x_wconf 67' lang='lat' dir='ltr'><strong>imo</strong></span> <span class='ocrx_word' id='word_1_188' title='bbox 440 1782 723 1837; x_wconf 62' lang='lat' dir='ltr'><strong>Atiffiorum</strong></span> <span class='ocrx_word' id='word_1_189' title='bbox 751 1783 974 1854; x_wconf 85' lang='lat' dir='ltr'><strong>ipsorum</strong></span> <span class='ocrx_word' id='word_1_190' title='bbox 1008 1782 1154 1836; x_wconf 65' lang='lat' dir='ltr'><strong>causa</strong></span> <span class='ocrx_word' id='word_1_191' title='bbox 1187 1785 1415 1854; x_wconf 84' lang='lat' dir='ltr'><strong>quaedam</strong></span> <span class='ocrx_word' id='word_1_192' title='bbox 1449 1782 1542 1835; x_wconf 86' lang='lat' dir='ltr'><strong>alia</strong></span> <span class='ocrx_word' id='word_1_193' title='bbox 1572 1803 1675 1837; x_wconf 86' lang='lat' dir='ltr'><strong>non</strong></span> <span class='ocrx_word' id='word_1_194' title='bbox 1706 1785 1815 1836; x_wconf 87' lang='lat' dir='ltr'><strong>sunt</strong></span> <span class='ocrx_word' id='word_1_195' title='bbox 1847 1781 2127 1836; x_wconf 86' lang='lat' dir='ltr'><strong>omittenda</strong></span> <span class='ocrx_word' id='word_1_196' title='bbox 2148 1819 2160 1832; x_wconf 89' lang='lat'><strong>.</strong></span> <span class='ocrx_word' id='word_1_197' title='bbox 2181 1779 2291 1845; x_wconf 67' lang='lat' dir='ltr'><strong>Qu</strong></span> 
     </span>
     <span class='ocr_line' id='line_1_25' title="bbox 301 1853 2289 1924; baseline -0.002 -19"><span class='ocrx_word' id='word_1_198' title='bbox 301 1857 436 1906; x_wconf 88' lang='lat' dir='ltr'><strong>enim</strong></span> <span class='ocrx_word' id='word_1_199' title='bbox 467 1859 514 1906; x_wconf 91' lang='lat' dir='ltr'><strong>in</strong></span> <span class='ocrx_word' id='word_1_200' title='bbox 546 1857 893 1924; x_wconf 86' lang='lat' dir='ltr'><strong>Explicatione</strong></span> <span class='ocrx_word' id='word_1_201' title='bbox 925 1858 1121 1922; x_wconf 81' lang='lat' dir='ltr'><strong>Figurae</strong></span> <span class='ocrx_word' id='word_1_202' title='bbox 1138 1875 1218 1921; x_wconf 89' lang='lat'><strong>29.</strong></span> <span class='ocrx_word' id='word_1_203' title='bbox 1237 1855 1458 1922; x_wconf 89' lang='lat' dir='ltr'><strong>ejusdem</strong></span> <span class='ocrx_word' id='word_1_204' title='bbox 1489 1855 1701 1906; x_wconf 79' lang='lat' dir='ltr'><strong>Tabulae</strong></span> <span class='ocrx_word' id='word_1_205' title='bbox 1735 1857 1784 1907; x_wconf 87' lang='lat' dir='ltr'>C</span> <span class='ocrx_word' id='word_1_206' title='bbox 1803 1857 1871 1906; x_wconf 91' lang='lat' dir='ltr'><strong>V.</strong></span> <span class='ocrx_word' id='word_1_207' title='bbox 1905 1853 2015 1904; x_wconf 82' lang='lat' dir='ltr'><strong>haec</strong></span> <span class='ocrx_word' id='word_1_208' title='bbox 2044 1853 2289 1921; x_wconf 84' lang='lat' dir='ltr'><strong>legerint:</strong></span> 
     </span>
     <span class='ocr_line' id='line_1_26' title="bbox 299 1924 2288 1993; baseline -0.002 -16"><span class='ocrx_word' id='word_1_209' title='bbox 299 1962 335 1988; x_wconf 68' lang='lat'><strong>2,</strong></span> <span class='ocrx_word' id='word_1_210' title='bbox 374 1925 630 1977; x_wconf 77' lang='lat' dir='ltr'><strong>Caeterum</strong></span> <span class='ocrx_word' id='word_1_211' title='bbox 663 1931 747 1993; x_wconf 89' lang='lat' dir='ltr'><strong>qui</strong></span> <span class='ocrx_word' id='word_1_212' title='bbox 778 1926 1121 1978; x_wconf 83' lang='lat' dir='ltr'><strong>Officulorum</strong></span> <span class='ocrx_word' id='word_1_213' title='bbox 1153 1929 1382 1976; x_wconf 90' lang='lat' dir='ltr'><strong>omnium</strong></span> <span class='ocrx_word' id='word_1_214' title='bbox 1428 1925 1704 1978; x_wconf 81' lang='lat' dir='ltr'><strong>naturalem</strong></span> <span class='ocrx_word' id='word_1_215' title='bbox 1741 1924 2140 1992; x_wconf 82' lang='lat' dir='ltr'><strong>magnitudinem</strong></span> <span class='ocrx_word' id='word_1_216' title='bbox 2175 1957 2192 1965; x_wconf 90' lang='lat'>-</span> <span class='ocrx_word' id='word_1_217' title='bbox 2222 1925 2288 1974; x_wconf 41' lang='lat' dir='ltr'><strong>vi-</strong></span> 
     </span>
     <span class='ocr_line' id='line_1_27' title="bbox 300 1993 2288 2065; baseline -0.003 -17"><span class='ocrx_word' id='word_1_218' title='bbox 300 2034 334 2060; x_wconf 74' lang='lat'><strong>&gt;³</strong></span> <span class='ocrx_word' id='word_1_219' title='bbox 371 1996 493 2048; x_wconf 88' lang='lat' dir='ltr'><strong>dere</strong></span> <span class='ocrx_word' id='word_1_220' title='bbox 525 1999 692 2065; x_wconf 78' lang='lat' dir='ltr'><strong>cupit3</strong></span> <span class='ocrx_word' id='word_1_221' title='bbox 731 2000 771 2046; x_wconf 85' lang='lat' dir='ltr'><strong>is</strong></span> <span class='ocrx_word' id='word_1_222' title='bbox 809 1999 1016 2063; x_wconf 81' lang='lat' dir='ltr'><strong>Figuras</strong></span> <span class='ocrx_word' id='word_1_223' title='bbox 1054 2010 1138 2057; x_wconf 86' lang='lat'><strong>25.</strong></span> <span class='ocrx_word' id='word_1_224' title='bbox 1174 1999 1259 2046; x_wconf 88' lang='lat'><strong>26.</strong></span> <span class='ocrx_word' id='word_1_225' title='bbox 1290 1995 1342 2048; x_wconf 67' lang='grc' dir='ltr'><strong>ὅ(</strong></span> <span class='ocrx_word' id='word_1_226' title='bbox 1378 2014 1462 2063; x_wconf 86' lang='lat'><strong>27.</strong></span> <span class='ocrx_word' id='word_1_227' title='bbox 1493 1995 1706 2045; x_wconf 80' lang='lat' dir='ltr'><strong>Tabulae</strong></span> <span class='ocrx_word' id='word_1_228' title='bbox 1742 2013 1865 2061; x_wconf 89' lang='lat'>107.</span> <span class='ocrx_word' id='word_1_229' title='bbox 1905 1993 2083 2059; x_wconf 77' lang='lat' dir='ltr'><strong>adeat3</strong></span> <span class='ocrx_word' id='word_1_230' title='bbox 2111 2030 2146 2056; x_wconf 62' lang='lat' dir='ltr'><strong>a&gt;</strong></span> <span class='ocrx_word' id='word_1_231' title='bbox 2183 1995 2288 2060; x_wconf 78' lang='lat' dir='ltr'><strong>qui,</strong></span> 
     </span>
     <span class='ocr_line' id='line_1_28' title="bbox 300 2065 2290 2137; baseline -0.001 -17"><span class='ocrx_word' id='word_1_232' title='bbox 300 2072 500 2137; x_wconf 89' lang='lat' dir='ltr'><strong>inquam</strong></span> <span class='ocrx_word' id='word_1_233' title='bbox 520 2106 539 2131; x_wconf 66' lang='lat' dir='ltr'><strong>a</strong></span> <span class='ocrx_word' id='word_1_234' title='bbox 567 2066 709 2131; x_wconf 74' lang='lat' dir='ltr'><strong>haec,</strong></span> <span class='ocrx_word' id='word_1_235' title='bbox 749 2081 834 2117; x_wconf 89' lang='lat' dir='ltr'><strong>aut</strong></span> <span class='ocrx_word' id='word_1_236' title='bbox 861 2066 945 2117; x_wconf 87' lang='lat' dir='ltr'><strong>illa</strong></span> <span class='ocrx_word' id='word_1_237' title='bbox 977 2065 1071 2117; x_wconf 85' lang='lat' dir='ltr'><strong>alia</strong></span> <span class='ocrx_word' id='word_1_238' title='bbox 1107 2068 1156 2118; x_wconf 89' lang='lat' dir='ltr'><strong>in</strong></span> <span class='ocrx_word' id='word_1_239' title='bbox 1185 2067 1383 2135; x_wconf 68' lang='lat' dir='ltr'><strong>Figurae</strong></span> <span class='ocrx_word' id='word_1_240' title='bbox 1420 2065 1468 2120; x_wconf 82' lang='lat'><strong>8.</strong></span> <span class='ocrx_word' id='word_1_241' title='bbox 1502 2065 1712 2118; x_wconf 79' lang='lat' dir='ltr'><strong>Tabulae</strong></span> <span class='ocrx_word' id='word_1_242' title='bbox 1746 2067 1794 2120; x_wconf 91' lang='lat' dir='ltr'>C</span> <span class='ocrx_word' id='word_1_243' title='bbox 1812 2065 1947 2118; x_wconf 89' lang='lat' dir='ltr'><strong>VII.</strong></span> <span class='ocrx_word' id='word_1_244' title='bbox 1986 2066 2290 2135; x_wconf 83' lang='lat' dir='ltr'><strong>Explicatio-</strong></span> 
     </span>
     <span class='ocr_line' id='line_1_29' title="bbox 300 2137 2290 2209; baseline -0.002 -15"><span class='ocrx_word' id='word_1_245' title='bbox 300 2160 366 2194; x_wconf 90' lang='lat' dir='ltr'><strong>ne</strong></span> <span class='ocrx_word' id='word_1_246' title='bbox 392 2141 611 2209; x_wconf 82' lang='lat' dir='ltr'><strong>legerint</strong></span> <span class='ocrx_word' id='word_1_247' title='bbox 645 2161 657 2192; x_wconf 87' lang='lat'>:</span> <span class='ocrx_word' id='word_1_248' title='bbox 696 2142 747 2191; x_wconf 91' lang='lat' dir='ltr'><strong>in</strong></span> <span class='ocrx_word' id='word_1_249' title='bbox 778 2137 937 2192; x_wconf 72' lang='lat' dir='ltr'><strong>modo</strong></span> <span class='ocrx_word' id='word_1_250' title='bbox 972 2154 1251 2192; x_wconf 84' lang='lat' dir='ltr'><strong>memorata</strong></span> <span class='ocrx_word' id='word_1_251' title='bbox 1289 2140 1472 2206; x_wconf 83' lang='lat' dir='ltr'><strong>Figura</strong></span> <span class='ocrx_word' id='word_1_252' title='bbox 1504 2160 1584 2206; x_wconf 85' lang='lat'><strong>27.</strong></span> <span class='ocrx_word' id='word_1_253' title='bbox 1618 2137 2028 2195; x_wconf 79' lang='lat' dir='ltr'><strong>Semicirculares</strong></span> <span class='ocrx_word' id='word_1_254' title='bbox 2054 2176 2088 2202; x_wconf 61' lang='lat' dir='ltr'><strong>aa</strong></span> <span class='ocrx_word' id='word_1_255' title='bbox 2128 2141 2290 2192; x_wconf 84' lang='lat' dir='ltr'><strong>Cana-</strong></span> 
     </span>
     <span class='ocr_line' id='line_1_30' title="bbox 298 2209 2288 2282; baseline 0.001 -17"><span class='ocrx_word' id='word_1_256' title='bbox 298 2252 334 2278; x_wconf 74' lang='lat'><strong>„</strong></span> <span class='ocrx_word' id='word_1_257' title='bbox 368 2213 439 2266; x_wconf 89' lang='lat' dir='ltr'><strong>les</strong></span> <span class='ocrx_word' id='word_1_258' title='bbox 470 2215 532 2267; x_wconf 85' lang='lat' dir='ltr'><strong>ad</strong></span> <span class='ocrx_word' id='word_1_259' title='bbox 566 2213 845 2266; x_wconf 84' lang='lat' dir='ltr'><strong>naturalem</strong></span> <span class='ocrx_word' id='word_1_260' title='bbox 874 2212 1276 2282; x_wconf 82' lang='lat' dir='ltr'><strong>magnitudinem</strong></span> <span class='ocrx_word' id='word_1_261' title='bbox 1305 2209 1404 2264; x_wconf 81' lang='lat' dir='ltr'><strong>effe</strong></span> <span class='ocrx_word' id='word_1_262' title='bbox 1440 2211 1722 2282; x_wconf 69' lang='lat' dir='ltr'><strong>expreii033</strong></span> <span class='ocrx_word' id='word_1_263' title='bbox 1759 2251 1792 2277; x_wconf 65' lang='lat' dir='ltr'><strong>&gt;a</strong></span> <span class='ocrx_word' id='word_1_264' title='bbox 1847 2210 1961 2264; x_wconf 74' lang='lat' dir='ltr'><strong>cum</strong></span> <span class='ocrx_word' id='word_1_265' title='bbox 1994 2213 2046 2264; x_wconf 88' lang='lat' dir='ltr'><strong>in</strong></span> <span class='ocrx_word' id='word_1_266' title='bbox 2077 2212 2161 2264; x_wconf 90' lang='grc'><strong>1113</strong></span> <span class='ocrx_word' id='word_1_267' title='bbox 2191 2213 2288 2282; x_wconf 90' lang='lat' dir='ltr'><strong>ipsa</strong></span> 
     </span>
     <span class='ocr_line' id='line_1_31' title="bbox 301 2284 2287 2358; baseline -0.001 -18"><span class='ocrx_word' id='word_1_268' title='bbox 301 2288 488 2358; x_wconf 79' lang='lat' dir='ltr'><strong>Figura</strong></span> <span class='ocrx_word' id='word_1_269' title='bbox 524 2305 606 2352; x_wconf 87' lang='lat'><strong>27.</strong></span> <span class='ocrx_word' id='word_1_270' title='bbox 638 2304 801 2356; x_wconf 87' lang='lat' dir='ltr'><strong>neque</strong></span> <span class='ocrx_word' id='word_1_271' title='bbox 830 2285 922 2339; x_wconf 91' lang='lat' dir='ltr'><strong>hos</strong></span> <span class='ocrx_word' id='word_1_272' title='bbox 958 2284 1208 2347; x_wconf 74' lang='lat' dir='ltr'><strong>Canale8‚</strong></span> <span class='ocrx_word' id='word_1_273' title='bbox 1245 2300 1409 2353; x_wconf 87' lang='lat' dir='ltr'><strong>neque</strong></span> <span class='ocrx_word' id='word_1_274' title='bbox 1440 2304 1498 2337; x_wconf 89' lang='lat' dir='ltr'><strong>ea</strong></span> <span class='ocrx_word' id='word_1_275' title='bbox 1528 2286 1750 2341; x_wconf 80' lang='lat' dir='ltr'><strong>Officula</strong></span> <span class='ocrx_word' id='word_1_276' title='bbox 1780 2284 2003 2348; x_wconf 79' lang='lat' dir='ltr'><strong>ostendi,</strong></span> <span class='ocrx_word' id='word_1_277' title='bbox 2040 2287 2287 2350; x_wconf 81' lang='lat' dir='ltr'><strong>viderint,</strong></span> 
     </span>
     <span class='ocr_line' id='line_1_32' title="bbox 300 2357 2287 2430; baseline 0.001 -20"><span class='ocrx_word' id='word_1_278' title='bbox 300 2379 368 2412; x_wconf 86' lang='lat' dir='ltr'><strong>ne</strong></span> <span class='ocrx_word' id='word_1_279' title='bbox 402 2359 464 2412; x_wconf 89' lang='lat' dir='ltr'><strong>ab</strong></span> <span class='ocrx_word' id='word_1_280' title='bbox 500 2360 726 2414; x_wconf 60' lang='lat' dir='ltr'><strong>Aufflore</strong></span> <span class='ocrx_word' id='word_1_281' title='bbox 758 2377 930 2411; x_wconf 84' lang='lat' dir='ltr'><strong>earum</strong></span> <span class='ocrx_word' id='word_1_282' title='bbox 961 2359 1365 2430; x_wconf 79' lang='lat' dir='ltr'><strong>Explicationum</strong></span> <span class='ocrx_word' id='word_1_283' title='bbox 1397 2357 1640 2428; x_wconf 78' lang='lat' dir='ltr'><strong>deceptos</strong></span> <span class='ocrx_word' id='word_1_284' title='bbox 1669 2360 1717 2411; x_wconf 88' lang='lat' dir='ltr'><strong>se</strong></span> <span class='ocrx_word' id='word_1_285' title='bbox 1754 2359 1958 2412; x_wconf 86' lang='lat' dir='ltr'><strong>credant</strong></span> <span class='ocrx_word' id='word_1_286' title='bbox 1989 2395 2006 2422; x_wconf 67' lang='lat' dir='ltr'><strong>a</strong></span> <span class='ocrx_word' id='word_1_287' title='bbox 2044 2362 2287 2412; x_wconf 84' lang='lat' dir='ltr'><strong>certiores</strong></span> 
     </span>
     <span class='ocr_line' id='line_1_33' title="bbox 300 2430 2287 2503; baseline -0.001 -18"><span class='ocrx_word' id='word_1_288' title='bbox 300 2433 445 2496; x_wconf 75' lang='lat' dir='ltr'><strong>fieri,</strong></span> <span class='ocrx_word' id='word_1_289' title='bbox 483 2450 681 2503; x_wconf 77' lang='lat' dir='ltr'><strong>aequum</strong></span> <span class='ocrx_word' id='word_1_290' title='bbox 714 2431 814 2495; x_wconf 70' lang='lat' dir='ltr'><strong>est,</strong></span> <span class='ocrx_word' id='word_1_291' title='bbox 852 2432 935 2484; x_wconf 86' lang='lat' dir='ltr'><strong>Cl.</strong></span> <span class='ocrx_word' id='word_1_292' title='bbox 970 2431 1252 2484; x_wconf 83' lang='lat' dir='ltr'><strong>Valsalvam</strong></span> <span class='ocrx_word' id='word_1_293' title='bbox 1285 2447 1464 2483; x_wconf 84' lang='lat' dir='ltr'><strong>neutra</strong></span> <span class='ocrx_word' id='word_1_294' title='bbox 1497 2436 1547 2484; x_wconf 90' lang='lat' dir='ltr'><strong>in</strong></span> <span class='ocrx_word' id='word_1_295' title='bbox 1581 2431 1926 2500; x_wconf 79' lang='lat' dir='ltr'><strong>Explicatione</strong></span> <span class='ocrx_word' id='word_1_296' title='bbox 1958 2430 2079 2484; x_wconf 81' lang='lat' dir='ltr'><strong>ullas</strong></span> <span class='ocrx_word' id='word_1_297' title='bbox 2111 2431 2287 2502; x_wconf 81' lang='lat' dir='ltr'><strong>sigilla-</strong></span> 
     </span>
     <span class='ocr_line' id='line_1_34' title="bbox 302 2499 2285 2576; baseline 0 -21"><span class='ocrx_word' id='word_1_298' title='bbox 302 2508 396 2557; x_wconf 79' lang='lat' dir='ltr'><strong>tim</strong></span> <span class='ocrx_word' id='word_1_299' title='bbox 443 2509 647 2576; x_wconf 81' lang='lat' dir='ltr'><strong>Figuras</strong></span> <span class='ocrx_word' id='word_1_300' title='bbox 675 2544 691 2568; x_wconf 75' lang='lat'>,</span> <span class='ocrx_word' id='word_1_301' title='bbox 731 2506 811 2557; x_wconf 84' lang='lat' dir='ltr'><strong>sed</strong></span> <span class='ocrx_word' id='word_1_302' title='bbox 845 2499 1082 2554; x_wconf 74' lang='lat' dir='ltr'><strong>Tabulam</strong></span> <span class='ocrx_word' id='word_1_303' title='bbox 1129 2506 1264 2556; x_wconf 86' lang='lat' dir='ltr'><strong>suam</strong></span> <span class='ocrx_word' id='word_1_304' title='bbox 1311 2506 1382 2557; x_wconf 91' lang='lat' dir='ltr'><strong>X.</strong></span> <span class='ocrx_word' id='word_1_305' title='bbox 1431 2502 1701 2557; x_wconf 69' lang='lat' dir='ltr'><strong>nominasse</strong></span> <span class='ocrx_word' id='word_1_306' title='bbox 1728 2541 1746 2567; x_wconf 75' lang='lat'>‚</span> <span class='ocrx_word' id='word_1_307' title='bbox 1781 2508 1831 2556; x_wconf 89' lang='lat' dir='ltr'><strong>in</strong></span> <span class='ocrx_word' id='word_1_308' title='bbox 1884 2503 2022 2570; x_wconf 86' lang='lat' dir='ltr'><strong>cujus</strong></span> <span class='ocrx_word' id='word_1_309' title='bbox 2054 2505 2285 2557; x_wconf 80' lang='lat' dir='ltr'><strong>videlicet</strong></span> 
     </span>
     <span class='ocr_line' id='line_1_35' title="bbox 302 2574 2283 2649; baseline 0.001 -21"><span class='ocrx_word' id='word_1_310' title='bbox 302 2577 496 2635; x_wconf 82' lang='lat' dir='ltr'><strong>duabus</strong></span> <span class='ocrx_word' id='word_1_311' title='bbox 529 2578 776 2649; x_wconf 87' lang='lat' dir='ltr'><strong>prioribus</strong></span> <span class='ocrx_word' id='word_1_312' title='bbox 807 2579 1000 2647; x_wconf 78' lang='lat' dir='ltr'><strong>Figuris</strong></span> <span class='ocrx_word' id='word_1_313' title='bbox 1033 2600 1046 2644; x_wconf 74' lang='lat'><em>3</em></span> <span class='ocrx_word' id='word_1_314' title='bbox 1083 2595 1182 2629; x_wconf 87' lang='lat' dir='ltr'><strong>non</strong></span> <span class='ocrx_word' id='word_1_315' title='bbox 1212 2576 1337 2627; x_wconf 67' lang='lat' dir='ltr'><strong>vero</strong></span> <span class='ocrx_word' id='word_1_316' title='bbox 1369 2578 1422 2627; x_wconf 90' lang='lat' dir='ltr'><strong>in</strong></span> <span class='ocrx_word' id='word_1_317' title='bbox 1455 2597 1504 2645; x_wconf 86' lang='lat'><strong>3.</strong></span> <span class='ocrx_word' id='word_1_318' title='bbox 1535 2593 1644 2645; x_wconf 83' lang='lat' dir='ltr'><strong>quae</strong></span> <span class='ocrx_word' id='word_1_319' title='bbox 1682 2580 1914 2629; x_wconf 82' lang='lat' dir='ltr'><strong>nimirum</strong></span> <span class='ocrx_word' id='word_1_320' title='bbox 1944 2574 2028 2628; x_wconf 85' lang='lat' dir='ltr'><strong>ista</strong></span> <span class='ocrx_word' id='word_1_321' title='bbox 2063 2575 2133 2630; x_wconf 89' lang='lat' dir='ltr'><strong>est</strong></span> <span class='ocrx_word' id='word_1_322' title='bbox 2166 2596 2283 2645; x_wconf 75' lang='lat'><strong>27.‚</strong></span> 
     </span>
     <span class='ocr_line' id='line_1_36' title="bbox 301 2647 2284 2721; baseline 0.001 -19"><span class='ocrx_word' id='word_1_323' title='bbox 301 2651 352 2702; x_wconf 83' lang='lat' dir='ltr'><strong>id</strong></span> <span class='ocrx_word' id='word_1_324' title='bbox 388 2652 496 2703; x_wconf 74' lang='lat' dir='ltr'><strong>sane</strong></span> <span class='ocrx_word' id='word_1_325' title='bbox 548 2649 742 2721; x_wconf 72' lang='lat' dir='ltr'><strong>praestat</strong></span> <span class='ocrx_word' id='word_1_326' title='bbox 781 2652 917 2719; x_wconf 87' lang='lat' dir='ltr'><strong>quod</strong></span> <span class='ocrx_word' id='word_1_327' title='bbox 955 2665 1173 2718; x_wconf 85' lang='lat' dir='ltr'><strong>utroque</strong></span> <span class='ocrx_word' id='word_1_328' title='bbox 1215 2652 1264 2701; x_wconf 85' lang='lat' dir='ltr'><strong>in</strong></span> <span class='ocrx_word' id='word_1_329' title='bbox 1317 2647 1436 2701; x_wconf 87' lang='lat' dir='ltr'><strong>loco</strong></span> <span class='ocrx_word' id='word_1_330' title='bbox 1483 2651 1794 2719; x_wconf 85' lang='lat' dir='ltr'><strong>promittitur</strong></span> <span class='ocrx_word' id='word_1_331' title='bbox 1829 2688 1840 2700; x_wconf 92' lang='lat'><strong>.</strong></span> <span class='ocrx_word' id='word_1_332' title='bbox 1893 2650 2092 2703; x_wconf 87' lang='lat' dir='ltr'><strong>Pariter</strong></span> <span class='ocrx_word' id='word_1_333' title='bbox 2136 2648 2284 2718; x_wconf 82' lang='lat' dir='ltr'><strong>fiquis</strong></span> 
     </span>
     <span class='ocr_line' id='line_1_37' title="bbox 300 2721 2284 2794; baseline -0.001 -20"><span class='ocrx_word' id='word_1_334' title='bbox 300 2723 484 2794; x_wconf 78' lang='lat' dir='ltr'><strong>legerit</strong></span> <span class='ocrx_word' id='word_1_335' title='bbox 512 2726 563 2775; x_wconf 89' lang='lat' dir='ltr'><strong>in</strong></span> <span class='ocrx_word' id='word_1_336' title='bbox 602 2724 945 2794; x_wconf 78' lang='lat' dir='ltr'><strong>Explicatione</strong></span> <span class='ocrx_word' id='word_1_337' title='bbox 994 2724 1189 2791; x_wconf 73' lang='lat' dir='ltr'><strong>Figurae</strong></span> <span class='ocrx_word' id='word_1_338' title='bbox 1243 2741 1289 2774; x_wconf 82' lang='lat'><strong>2.</strong></span> <span class='ocrx_word' id='word_1_339' title='bbox 1340 2721 1472 2774; x_wconf 81' lang='lat' dir='ltr'><strong>Tab.</strong></span> <span class='ocrx_word' id='word_1_340' title='bbox 1526 2723 1727 2775; x_wconf 89' lang='lat' dir='ltr'><strong>CVII.</strong></span> <span class='ocrx_word' id='word_1_341' title='bbox 1767 2726 2048 2774; x_wconf 71' lang='lat' dir='ltr'><strong>cavitatem</strong></span> <span class='ocrx_word' id='word_1_342' title='bbox 2084 2723 2284 2775; x_wconf 74' lang='lat' dir='ltr'><strong>duorum</strong></span> 
     </span>
     <span class='ocr_line' id='line_1_38' title="bbox 289 2791 2282 2867; baseline -0.001 -21"><span class='ocrx_word' id='word_1_343' title='bbox 289 2793 599 2867; x_wconf 73' lang='lat' dir='ltr'><strong>sequentium</strong></span> <span class='ocrx_word' id='word_1_344' title='bbox 636 2801 834 2849; x_wconf 75' lang='lat' dir='ltr'><strong>Sinuum</strong></span> <span class='ocrx_word' id='word_1_345' title='bbox 880 2791 902 2857; x_wconf 66' lang='grc' dir='ltr'><strong>,ζ</strong></span> <span class='ocrx_word' id='word_1_346' title='bbox 940 2794 1039 2847; x_wconf 87' lang='lat' dir='ltr'><strong>hoc</strong></span> <span class='ocrx_word' id='word_1_347' title='bbox 1077 2792 1145 2847; x_wconf 86' lang='lat' dir='ltr'><strong>est</strong></span> <span class='ocrx_word' id='word_1_348' title='bbox 1184 2793 1327 2847; x_wconf 83' lang='lat' dir='ltr'><strong>Sellae</strong></span> <span class='ocrx_word' id='word_1_349' title='bbox 1363 2796 1572 2864; x_wconf 80' lang='lat' dir='ltr'><strong>Equinae</strong></span> <span class='ocrx_word' id='word_1_350' title='bbox 1624 2796 1957 2849; x_wconf 85' lang='lat' dir='ltr'><strong>adiacentium</strong></span> <span class='ocrx_word' id='word_1_351' title='bbox 1989 2798 2010 2864; x_wconf 89' lang='lat'><em>)</em></span> <span class='ocrx_word' id='word_1_352' title='bbox 2033 2794 2191 2866; x_wconf 77' lang='lat' dir='ltr'><strong>fimilz&#39;</strong></span> <span class='ocrx_word' id='word_1_353' title='bbox 2222 2793 2282 2864; x_wconf 76' lang='lat' dir='ltr'><strong>fi-</strong></span> 
     </span>
     <span class='ocr_line' id='line_1_39' title="bbox 294 2867 2282 2942; baseline 0.001 -24"><span class='ocrx_word' id='word_1_354' title='bbox 294 2887 421 2939; x_wconf 71' lang='lat' dir='ltr'><strong>gnra</strong></span> <span class='ocrx_word' id='word_1_355' title='bbox 452 2869 746 2921; x_wconf 76' lang='lat' dir='ltr'><strong>delineatam</strong></span> <span class='ocrx_word' id='word_1_356' title='bbox 780 2870 1042 2940; x_wconf 79' lang='lat' dir='ltr'><strong>promitti,</strong></span> <span class='ocrx_word' id='word_1_357' title='bbox 1081 2886 1141 2919; x_wconf 87' lang='lat' dir='ltr'><strong>ac</strong></span> <span class='ocrx_word' id='word_1_358' title='bbox 1179 2871 1325 2921; x_wconf 85' lang='lat' dir='ltr'><strong>Sinus</strong></span> <span class='ocrx_word' id='word_1_359' title='bbox 1360 2867 1636 2929; x_wconf 71' lang='lat' dir='ltr'><strong>Laterali5‚</strong></span> <span class='ocrx_word' id='word_1_360' title='bbox 1679 2868 1803 2922; x_wconf 85' lang='lat' dir='ltr'><strong>idest</strong></span> <span class='ocrx_word' id='word_1_361' title='bbox 1836 2885 1932 2921; x_wconf 78' lang='lat' dir='ltr'><strong>non</strong></span> <span class='ocrx_word' id='word_1_362' title='bbox 1978 2870 2282 2942; x_wconf 79' lang='lat' dir='ltr'><strong>undequaque</strong></span> 
     </span>
     <span class='ocr_line' id='line_1_40' title="bbox 299 2935 2283 3015; baseline 0.002 -25"><span class='ocrx_word' id='word_1_363' title='bbox 299 2943 543 3012; x_wconf 56' lang='lat' dir='ltr'><strong>aequaliter</strong></span> <span class='ocrx_word' id='word_1_364' title='bbox 569 2960 721 2993; x_wconf 74' lang='lat' dir='ltr'><strong>curva</strong></span> <span class='ocrx_word' id='word_1_365' title='bbox 749 2980 766 3006; x_wconf 69' lang='lat' dir='ltr'><strong>a</strong></span> <span class='ocrx_word' id='word_1_366' title='bbox 789 2939 894 3012; x_wconf 72' lang='lat' dir='ltr'><strong>fid</strong></span> <span class='ocrx_word' id='word_1_367' title='bbox 919 2958 1008 3013; x_wconf 79' lang='lat' dir='ltr'><strong>qua</strong></span> <span class='ocrx_word' id='word_1_368' title='bbox 1040 2954 1178 3011; x_wconf 80' lang='lat' dir='ltr'><strong>parte</strong></span> <span class='ocrx_word' id='word_1_369' title='bbox 1210 2935 1465 2991; x_wconf 76' lang='lat' dir='ltr'><strong>cerebrum</strong></span> <span class='ocrx_word' id='word_1_370' title='bbox 1499 2937 1723 3010; x_wconf 73' lang='lat' dir='ltr'><strong>respicit,</strong></span> <span class='ocrx_word' id='word_1_371' title='bbox 1761 2938 2010 3013; x_wconf 80' lang='lat' dir='ltr'><strong>compressa</strong></span> <span class='ocrx_word' id='word_1_372' title='bbox 2029 2981 2046 3007; x_wconf 65' lang='lat'>³</span> <span class='ocrx_word' id='word_1_373' title='bbox 2082 2944 2144 3002; x_wconf 68' lang='lat'><strong>&amp;-</strong></span> <span class='ocrx_word' id='word_1_374' title='bbox 2173 2960 2283 3015; x_wconf 71' lang='lat' dir='ltr'><strong>qua-</strong></span> 
     </span>
     <span class='ocr_line' id='line_1_41' title="bbox 283 3007 2280 3087; baseline 0.003 -23"><span class='ocrx_word' id='word_1_375' title='bbox 283 3013 335 3077; x_wconf 79' lang='lat' dir='ltr'><em>fi</em></span> <span class='ocrx_word' id='word_1_376' title='bbox 362 3014 688 3085; x_wconf 76' lang='lat' dir='ltr'><strong>complanata3</strong></span> <span class='ocrx_word' id='word_1_377' title='bbox 727 3016 963 3083; x_wconf 89' lang='lat' dir='ltr'><strong>idemque</strong></span> <span class='ocrx_word' id='word_1_378' title='bbox 990 3013 1124 3066; x_wconf 84' lang='lat' dir='ltr'><strong>illam</strong></span> <span class='ocrx_word' id='word_1_379' title='bbox 1160 3032 1265 3067; x_wconf 88' lang='lat' dir='ltr'><strong>non</strong></span> <span class='ocrx_word' id='word_1_380' title='bbox 1310 3017 1379 3065; x_wconf 87' lang='lat' dir='ltr'><strong>ita</strong></span> <span class='ocrx_word' id='word_1_381' title='bbox 1416 3007 1778 3083; x_wconf 75' lang='lat' dir='ltr'><strong>compressam,</strong></span> <span class='ocrx_word' id='word_1_382' title='bbox 1813 3016 1895 3068; x_wconf 88' lang='lat' dir='ltr'><strong>sed</strong></span> <span class='ocrx_word' id='word_1_383' title='bbox 1942 3018 2280 3087; x_wconf 81' lang='lat' dir='ltr'><strong>undequaque</strong></span> 
     </span>
     <span class='ocr_line' id='line_1_42' title="bbox 300 3086 2276 3159; baseline 0.003 -25"><span class='ocrx_word' id='word_1_384' title='bbox 300 3089 552 3152; x_wconf 79' lang='lat' dir='ltr'><strong>aequaliter</strong></span> <span class='ocrx_word' id='word_1_385' title='bbox 588 3106 790 3142; x_wconf 82' lang='lat' dir='ltr'><strong>curvam</strong></span> <span class='ocrx_word' id='word_1_386' title='bbox 838 3090 888 3139; x_wconf 93' lang='lat' dir='ltr'><strong>in</strong></span> <span class='ocrx_word' id='word_1_387' title='bbox 920 3087 1255 3155; x_wconf 86' lang='lat' dir='ltr'><strong>respondente</strong></span> <span class='ocrx_word' id='word_1_388' title='bbox 1303 3086 1547 3139; x_wconf 87' lang='lat' dir='ltr'><strong>Iconismo</strong></span> <span class='ocrx_word' id='word_1_389' title='bbox 1594 3087 2014 3159; x_wconf 77' lang='lat' dir='ltr'><strong>deprehenderit3</strong></span> <span class='ocrx_word' id='word_1_390' title='bbox 2055 3109 2171 3143; x_wconf 90' lang='lat' dir='ltr'><strong>eum</strong></span> <span class='ocrx_word' id='word_1_391' title='bbox 2202 3090 2276 3142; x_wconf 88' lang='lat' dir='ltr'><strong>ad-</strong></span> 
     </span>
     <span class='ocr_line' id='line_1_43' title="bbox 298 3158 2274 3287; baseline 0.005 -82"><span class='ocrx_word' id='word_1_392' title='bbox 298 3163 525 3222; x_wconf 80' lang='lat' dir='ltr'><strong>moneri,</strong></span> <span class='ocrx_word' id='word_1_393' title='bbox 564 3179 655 3287; x_wconf 53' lang='lat' dir='ltr'><strong>psasr</strong></span> <span class='ocrx_word' id='word_1_394' title='bbox 692 3161 760 3216; x_wconf 84' lang='lat' dir='ltr'><strong>est</strong></span> <span class='ocrx_word' id='word_1_395' title='bbox 793 3199 810 3229; x_wconf 79' lang='lat'>‚</span> <span class='ocrx_word' id='word_1_396' title='bbox 842 3179 943 3215; x_wconf 88' lang='lat' dir='ltr'><strong>non</strong></span> <span class='ocrx_word' id='word_1_397' title='bbox 973 3159 1257 3232; x_wconf 77' lang='lat' dir='ltr'><strong>Scalptorcs</strong></span> <span class='ocrx_word' id='word_1_398' title='bbox 1298 3159 1380 3217; x_wconf 83' lang='lat' dir='ltr'><strong>CI.</strong></span> <span class='ocrx_word' id='word_1_399' title='bbox 1420 3158 1689 3228; x_wconf 70' lang='lat' dir='ltr'><strong>Valsalvae,</strong></span> <span class='ocrx_word' id='word_1_400' title='bbox 1727 3161 1805 3217; x_wconf 83' lang='lat' dir='ltr'><strong>sed</strong></span> <span class='ocrx_word' id='word_1_401' title='bbox 1839 3179 1952 3218; x_wconf 85' lang='lat' dir='ltr'><strong>tuos</strong></span> <span class='ocrx_word' id='word_1_402' title='bbox 1987 3166 2037 3220; x_wconf 91' lang='lat' dir='ltr'><strong>in</strong></span> <span class='ocrx_word' id='word_1_403' title='bbox 2075 3182 2134 3221; x_wconf 86' lang='lat' dir='ltr'><strong>ea</strong></span> <span class='ocrx_word' id='word_1_404' title='bbox 2163 3175 2274 3232; x_wconf 87' lang='lat' dir='ltr'><strong>par-</strong></span> 
     </span>
     <span class='ocr_line' id='line_1_44' title="bbox 297 3245 688 3302; baseline 0.013 -22"><span class='ocrx_word' id='word_1_405' title='bbox 297 3245 350 3283; x_wconf 82' lang='lat' dir='ltr'><strong>te</strong></span> <span class='ocrx_word' id='word_1_406' title='bbox 379 3245 586 3302; x_wconf 72' lang='lat' dir='ltr'><strong>peccavi</strong></span> <span class='ocrx_word' id='word_1_407' title='bbox 630 3253 688 3288; x_wconf 92' lang='lat' dir='ltr'><strong>e.</strong></span> 
     </span>
    </p>
   </div>
  </div>
 </body>
</html>
