2576 3607
434 216 512 286 ss
831 208 1825 289 D'JSSERTATJO

407 334 563 393 Hanc
592 328 777 385 deinde
811 327 1211 398 qualemcunque
1244 323 1535 394 opinionem
1554 319 1866 374 confirmavit
1902 320 2319 376 Muliercularum

338 406 658 478 'quarundam
705 420 849 467 mOS,
887 406 973 473 qui
1023 402 1202 458 Romae
1251 394 1522 467 praesertim
1558 392 1789 462 invaluit,
1825 394 1986 448 solent
2035 399 2201 461 enim,
2235 396 2321 448 ubi

339 479 561 554 primum
609 475 877 549 pleuritide
931 477 1041 545 quis
1086 471 1359 540 corripitur
1388 502 1406 528 ,
1463 464 1726 518 dolentem
1773 484 1972 537 partem
2015 468 2134 523 oleo
2187 467 2323 539 prius

341 551 628 614 inunGtarn,
665 547 850 621 pollice
885 565 1034 601 unam
1067 546 1230 604 inter,
1267 539 1575 607 alteramque
1614 536 1799 591 costam
1827 539 2149 595 vehementer
2183 542 2324 595 frica-

343 646 434 691 re,
471 645 527 678 ac
564 622 731 678 versus
773 619 970 674 dorsum
1003 613 1277 688 pellendo,
1315 614 1380 664 ita
1417 629 1604 682 urgere
1639 610 1659 673 (
1700 611 1837 680 quod
1874 614 2112 666 Italorum
2146 616 2326 686 vulgus

346 701 523 755 dicunt
559 709 771 764 rampere
820 691 869 740 la
915 690 1158 761 pumma)
1201 702 1255 738 ut
1291 700 1509 756 aegrotus
1539 683 1692 754 paulo
1728 682 1837 752 post
1868 686 1978 739 tusfi
2011 689 2325 756 corripiatur,

350 792 411 826 ac
438 771 543 824 fere
577 769 771 835 semper
802 763 1091 832 sanguinem
1121 775 1337 830 expuat,
1373 756 1596 826 mihique
1617 795 1633 819 ,
1674 754 1788 809 cum
1827 757 1957 827 saepe
1989 757 2105 810 huic
2137 764 2328 831 experi-

353 860 527 898 mento
559 837 833 898 adfuerim,
872 836 935 888 ab
969 835 1139 887 iisdem
1171 829 1528 901 aegrotantibus
1558 830 1795 882 assertum
1829 828 1918 893 fit,
1954 833 2002 884 se
2035 831 2096 884 ab
2127 850 2181 885 ea
2222 850 2329 903 par-

355 934 407 969 te
440 931 604 966 acrem
651 907 900 962 stimulum
949 910 1011 961 ad
1057 905 1355 959 tuffiendum
1387 941 1404 967 ,
1442 901 1585 955 simul
1636 906 1785 955 etiam
1831 903 2096 957 obscurum
2135 910 2329 958 cruoris

357 985 609 1059 egressum
637 983 846 1046 sentire,
883 985 930 1035 in
964 997 1060 1051 qua
1094 978 1335 1047 ingressus
1367 975 1434 1029 est
1471 978 1668 1047 Azygae
1701 978 1750 1029 in
1783 994 1954 1030 cavam
1975 1018 1986 1029 .

431 1060 551 1112 Hoc
582 1073 747 1109 autem
781 1055 897 1107 inde
927 1053 1172 1126 proficisci
1204 1053 1456 1120 putarim,
1496 1048 1635 1172 qpod
1668 1066 1760 1119 per
1805 1051 2022 1103 validam
2062 1070 2171 1104 earn
2206 1053 2338 1123 pres»

360 1133 550 1188 sionem
583 1131 776 1200 sanguis
809 1146 952 1190 acer,
989 1145 1048 1179 ac
1080 1122 1341 1178 morbosus
1377 1126 1424 1175 in
1456 1139 1508 1173 tu
1547 1121 1668 1185 ulis,
1705 1138 1856 1191 atque
1888 1122 2156 1177 interstitiis
2187 1125 2334 1178 fibra-

361 1225 477 1260 rum
509 1203 854 1256 muscularium
903 1199 1123 1270 stagnans
1166 1197 1484 1258 extruditur,
1522 1211 1582 1246 ac
1610 1211 1703 1265 per
1739 1197 1932 1268 Azygae
1961 1215 2128 1250 ramos
2165 1197 2334 1263 citius,

364 1298 423 1332 ac
456 1275 656 1330 uberius
688 1270 885 1337 refluit,
922 1277 1006 1343 qui
1052 1290 1174 1324 mox
1203 1269 1265 1323 ad
1311 1267 1676 1321 inosculationis
1721 1267 1891 1321 locum
1922 1273 2220 1341 perveniens
2252 1271 2340 1325 he.

365 1348 762 1422 misphinRerem
797 1347 1068 1410 irritando,
1105 1364 1164 1397 ac
1194 1341 1435 1411 subjeROS
1471 1340 1678 1393 tubulos
1724 1340 2023 1409 fodicando,
2060 1344 2221 1397 tussim
2258 1364 2338 1398 ex-

371 1430 521 1486 citat,
557 1421 747 1488 sibique
788 1438 982 1474 meatus
1012 1424 1064 1472 in
1101 1415 1358 1471 tracheam
1394 1417 1583 1485 aperit.

438 1500 567 1551 Non
598 1492 664 1546 est
692 1494 851 1557 vero,
891 1495 982 1546 Vir
1026 1490 1334 1553 Clariffime,
1370 1506 1427 1541 ut
1471 1486 1555 1540 hic
1584 1487 1666 1539 Te
1707 1488 2186 1553 commonefaciam,
2223 1488 2340 1543 raro

368 1568 611 1639 ejusmodi
640 1567 920 1619 remedium
952 1564 1165 1617 feliciter
1198 1563 1664 1628 cedere-,nimirum
1704 1565 1819 1632 quia
1854 1562 2140 1633 plerunque
2169 1565 2344 1615 intem-

367 1642 583 1716 pestive,
619 1659 714 1692 nec
745 1638 960 1694 humore
999 1636 1163 1692 adhuc
1208 1634 1485 1698 concovsto,
1523 1635 1704 1703 viisque
1742 1634 2109 1689 dehiscentibus
2148 1634 2345 1689 adhibe-

369 1735 483 1785 tur3
522 1711 691 1784 saepius
723 1716 856 1767 enim
886 1730 996 1765 tum
1026 1728 1238 1782 propter
1275 1708 1525 1763 indueram
1554 1707 1656 1776 jam
1693 1706 2135 1764 inflammationem
2156 1747 2173 1774 ,
2228 1726 2340 1761 tum

375 1789 445 1842 ob
476 1791 673 1857 copiam
701 1786 976 1839 morbificae
1009 1786 1231 1837 materiae
1262 1798 1459 1836 tantum
1491 1779 1624 1833 abest
1654 1818 1671 1842 ,
1709 1798 1766 1832 ut
1797 1799 1909 1833 eam
1947 1781 2161 1844 allevet,
2199 1797 2258 1833 ut
2292 1782 2347 1832 il-

374 1863 477 1915 lam
508 1861 756 1929 adaugeat
784 1896 801 1922 ,
839 1875 988 1926 atque
1018 1857 1242 1909 intendat
1272 1877 1284 1921 3
1325 1855 1592 1921 praesertim
1627 1851 1661 1903 fi
1705 1852 1784 1905 vel
1824 1852 2000 1907 affefta
2030 1871 2145 1923 pars
2182 1851 2202 1917 (
2239 1870 2347 1922 quae

376 1932 641 1994 mollibuS,
680 1930 732 1985 &
762 1929 941 1982 oleofis
972 1926 1090 1981 effet
1119 1927 1372 1981 trastanda
1399 1927 1419 1992 )
1467 1923 1751 1977 vehementi
1786 1924 2012 1979 frifflone
2044 1923 2250 1979 nimium
2282 1929 2342 1977 ir-

379 2009 554 2067 ritata,
592 2021 740 2071 atque
777 2001 1031 2055 contrafia
1060 2019 1226 2054 acrem
1256 2001 1541 2069 sanguinem
1577 1997 1677 2065 jam
1726 1995 2001 2051 haerentem
2050 2016 2152 2049 non
2184 2000 2350 2050 remit-

381 2095 451 2132 tat
470 2081 663 2141 ,immo
694 2078 844 2127 etiam
876 2075 1025 2127 alium
1045 2071 1337 2125 affluentem
1366 2069 1773 2135 intercipiat3vel
1792 2070 1928 2121 idem
1958 2071 2152 2139 sanguis
2187 2087 2348 2123 extru-

381 2152 457 2205 sus
487 2149 722 2219 quidem,
758 2148 839 2200 sed
886 2149 1036 2199 nimia
1081 2144 1349 2198 velocitate
1384 2180 1400 2206 ,
1437 2142 1642 2195 craffitie
1673 2178 1690 2204 ,
1732 2141 1975 2213 copiaque
2012 2161 2126 2196 cum
2161 2144 2354 2212 reliquo

382 2242 476 2296 per
506 2225 739 2292 Azygam
772 2224 840 2272 ita
869 2219 1156 2290 impellatur
1183 2254 1199 2279 ,
1241 2217 1292 2272 &
1324 2214 1529 2269 confuse
1558 2216 1908 2284 permisceatur
1936 2254 1952 2279 ,
1993 2233 2050 2268 ut
2079 2214 2358 2270 deflestere

383 2302 435 2350 in
472 2295 722 2348 tracheam
756 2293 887 2346 haud
919 2292 1095 2364 posfit,
1132 2291 1213 2343 sed
1247 2308 1336 2361 per
1369 2307 1542 2340 cavam
1571 2291 1619 2340 in
1650 2307 1770 2351 cor,
1807 2304 1956 2357 atque
1996 2291 2046 2340 in
2077 2288 2358 2359 pulmoneS,

386 2369 474 2422 ubi
507 2369 976 2440 peripneumoniam
1017 2367 1212 2434 gignit,
1249 2379 1464 2431 pergere
1503 2377 1740 2429 cogatur.

404 2488 406 2491 ,
463 2440 596 2503 Sed,
633 2457 689 2492 ut
720 2441 781 2491 ad
815 2438 1128 2510 propositum
1176 2436 1471 2496 redeamus,
1510 2434 1731 2494 accedit,
1767 2448 1826 2484 ut
1873 2432 2114 2502 suspicor,
2156 2433 2215 2485 ad
2248 2432 2361 2486 faci-

389 2513 568 2565 liorem
603 2512 963 2582 expressionem
1006 2509 1132 2580 sputi
1164 2506 1190 2559 a
1217 2507 1332 2557 loco
1378 2505 1742 2558 inosculationis
1771 2511 1995 2574 Azygae,
2030 2504 2168 2574 quod
2202 2507 2364 2575 major

391 2598 570 2639 venter
601 2583 805 2636 musculi
837 2582 1147 2652 triangularis
1180 2578 1263 2630 sub
1294 2577 1456 2630 sterno
1495 2578 1688 2630 locetur
1720 2597 1733 2625 ε
1776 2593 1929 2645 quare
1964 2578 2074 2629 cum
2113 2579 2366 2642 tenditur,

393 2657 629 2728 thymum
659 2694 675 2720 ,
712 2655 1076 2724 subjefiamque
1109 2670 1284 2707 venam
1321 2669 1490 2703 cavam
1523 2689 1540 2713 ,
1595 2666 1744 2719 atque
1790 2649 1917 2701 adeo
1954 2650 2365 2704 inosculationem

397 2730 500 2799 ejus
539 2749 654 2782 cum
687 2731 902 2797 Azyga,
932 2728 1185 2798 ipsamque
1222 2722 1478 2777 tracheam
1512 2721 1777 2781 necessario
1810 2740 2046 2794 premere
2082 2722 2262 2788 debet,
2300 2728 2370 2777 in-

397 2803 583 2872 troque
613 2805 683 2854 ita
720 2803 953 2871 adigere,
989 2816 1043 2851 ut
1075 2816 1167 2869 per
1198 2796 1344 2864 hujus
1392 2795 1597 2847 musculi
1635 2794 1916 2858 aclauElam,
1956 2793 2069 2848 cum
2105 2796 2368 2859 volumuS,

397 2878 797 2946 vigorationem,
833 2874 929 2943 ipsa
966 2888 1170 2941 quoque
1204 2867 1525 2921 anacatharsis
1574 2865 1842 2936 plurimum
1874 2885 2235 2938 promoveatur
2259 2908 2270 2920 .
2305 2871 2367 2920 Et

399 2946 664 3018 profesio,
704 2945 816 2997 cum
853 2947 953 3014 ipse
986 2963 1084 3013 ego
1121 2943 1181 2994 ab
1228 2946 1431 2994 ineunte
1480 2954 1621 2992 aetate
1656 2941 1909 2991 interdum
1939 2940 2157 3011 pestoris
2191 2940 2370 2992 dolori-

402 3021 525 3084 buS,
566 3020 617 3075 δέ
652 3017 888 3071 catarrbis
921 3017 1253 3068 laboraverim
1274 3051 1289 3077 ,
1329 3014 1463 3065 sensu
1492 3012 1834 3084 percipiebam
1870 3013 2114 3080 majorem
2148 3011 2273 3064 coffi
2305 3010 2370 3061 la-

402 3095 508 3144 ticis
540 3110 738 3162 partem
773 3111 873 3143 non
908 3088 933 3140 a
971 3087 1219 3157 profunda
1242 3124 1258 3149 ,
1299 3102 1450 3154 atque
1493 3083 1756 3136 vesiculata
1794 3086 2096 3154 pulmonum
2129 3085 2370 3152 regione,

405 3181 498 3214 nec
546 3166 750 3233 quidem
799 3164 825 3214 a
878 3158 1126 3215 bronchiis
1156 3196 1172 3221 ,
1227 3158 1401 3212 verum
1454 3156 1514 3210 ab
1566 3175 1625 3207 ea
1677 3160 1908 3226 portione
1958 3160 2135 3228 asperae
2182 3160 2372 3208 arteriae

403 3235 607 3304 prodire
638 3273 656 3300 ,
707 3240 755 3289 in
800 3251 896 3306 qua
936 3250 1066 3288 vena
1113 3234 1292 3303 Azyga
1343 3248 1459 3288 cum
1513 3247 1627 3283 cava
1676 3230 1977 3282 inosculatur
2009 3268 2026 3293 ,
2075 3228 2374 3297 sputumque

2219 3316 2308 3369 per
