2576 3607
209 304 639 372 madverfionum·⁷
679 303 855 372 easque
883 299 1069 364 statim,
1105 318 1170 352 ne
1202 299 1407 355 telesiam
1438 302 1676 369 quidem,
1724 304 1791 357 ob
1825 327 2032 377 graves,
2068 312 2173 382 qui..

211 386 298 435 bus
328 397 449 433 tunc
495 378 830 448 impediebar,
871 392 978 428 tum
1008 373 1279 446 prasticas,
1316 391 1423 427 tum
1454 376 1752 430 domesticas
1793 388 2174 451 occupationeS,

210 457 272 509 ad
302 453 430 523 ipsos
462 450 568 504 misi
599 491 616 515 ,
670 452 943 503 admonens
971 483 988 512 ,
1041 465 1096 500 ut
1144 467 1260 502 cum
1292 447 1415 500 mihi
1446 465 1567 504 tunc
1606 454 1695 504 otii
1734 453 1839 505 satis
1881 473 1980 506 non
2019 460 2174 523 esset,

209 526 300 596 ipsi
332 524 465 594 prius
502 525 564 578 ab
602 525 767 594 aliquo
806 525 929 575 Viro
961 522 1196 593 prudenti
1227 525 1554 577 emendandas
1601 542 1870 589 curarent,
1908 524 1945 578 fi
1978 532 2176 596 quidem

136 647 140 650 .
211 600 559 669 Cl.Mangeto
585 598 654 650 ob
683 599 937 669 graviores
973 613 1112 648 curas
1143 595 1194 649 id
1231 597 1437 649 minime
1468 598 1674 652 liceret.
1717 600 1851 652 Cum
1886 599 2011 653 vero
2044 601 2174 671 post-

209 692 270 726 ea
302 669 589 725 Theatrum
618 672 975 725 Anatomicum
1020 669 1208 722 editum
1261 670 1362 734 est,
1400 669 1563 724 fateor
1596 711 1613 736 ,
1649 692 1731 726 me
1760 671 1882 725 illud
1918 674 2180 744 aegerrime

210 746 375 799 tulisse
401 784 419 809 ,
455 745 592 815 quod
628 762 762 796 meas
789 739 1258 795 Animadversiones
1291 762 1391 797 non
1425 747 1580 798 modo
1632 744 1833 816 singulis
1863 745 1946 799 Cl.
1975 750 2181 817 Morga-

211 822 299 890 gni
327 818 503 890 figuris
540 815 672 887 quasi
700 819 749 868 in
790 816 1070 868 certaminis
1109 812 1357 883 cujusdam
1390 818 1599 869 modum
1635 817 1880 891 appositas
1918 821 2018 873 vidi
2049 859 2066 884 ,
2101 839 2181 873 ve-

209 891 325 945 rum
359 894 510 944 etiam
541 891 757 959 cognovi
802 887 1051 959 praedissas
1096 884 1337 941 formulas
1388 893 1647 944 continere
1680 930 1697 956 ,
1734 908 1842 960 quae
1880 894 2017 947 certe
2056 891 2179 948 mihi

209 980 463 1033 nunquam
496 963 817 1025 excidissent,
851 960 888 1014 fi
923 978 1021 1031 ego
1051 958 1154 1014 illas
1192 962 1447 1015 edidissem
1468 1002 1480 1015 .

282 1038 370 1090 Ille
413 1034 579 1107 postea
609 1036 900 1090 Adversaria
931 1034 1164 1107 praedista
1213 1035 1402 1100 edidit,
1438 1037 1488 1088 in
1535 1036 1713 1106 quibus
1750 1039 2180 1106 quemadmodum

211 1128 413 1164 mecum
447 1127 594 1182 agat,
631 1126 742 1163 tute
772 1111 879 1162 satis
910 1109 1079 1163 videS.
1138 1106 1389 1163 Concedo
1423 1149 1439 1172 ,
1475 1130 1501 1163 a
1535 1129 1650 1175 me,
1693 1114 1919 1178 quamvis
1951 1149 1968 1174 ,
2005 1130 2059 1164 ut
2092 1114 2181 1164 ite-

209 1202 327 1236 rum
356 1182 544 1248 fateor,
580 1185 630 1236 id
662 1181 897 1246 nolente,
930 1181 1145 1253 primum
1178 1183 1335 1253 ipsum
1373 1200 1705 1253 provocatum
1735 1182 1877 1235 fuisse
1913 1184 2182 1252 illi3,quas

211 1258 340 1319 dixi,
375 1256 632 1320 formulis,
672 1259 821 1326 iisque
853 1257 1150 1327 praesertim,
1190 1273 1298 1325 quae
1331 1259 1379 1308 in
1415 1255 1639 1321 pluribus
1675 1256 1799 1309 locis
1834 1256 1937 1323 ejus
1970 1257 2181 1309 animad-

211 1329 444 1383 versionis
475 1346 779 1392 occurrunt,
817 1348 964 1397 quam
1005 1333 1052 1380 in
1097 1328 1199 1380 ΙΙΙ.
1259 1329 1364 1398 ejus
1398 1328 1649 1382 Tabulam
1691 1328 1884 1399 scripsi.
1941 1333 2183 1383 Attamen

211 1422 377 1456 nonne
425 1402 544 1467 tibi,
584 1404 677 1454 Vir
722 1401 1062 1464 lllustriffime,
1100 1400 1297 1454 videtur
1329 1438 1345 1463 ,
1383 1400 1578 1456 abunde?
1631 1401 1715 1455 fibi
1755 1403 1856 1473 ipse
1905 1403 1968 1455 de
2008 1421 2093 1454 me
2133 1405 2184 1456 in

213 1476 302 1527 suis
329 1477 629 1529 Adversariis
656 1475 935 1527 satisfecisse
965 1512 980 1536 ,
1018 1475 1066 1526 in
1100 1473 1273 1543 quibus
1306 1491 1408 1526 tam
1446 1473 1568 1528 dure
1600 1494 1797 1530 mecum
1834 1480 1933 1547 agit
1962 1515 1978 1538 ,
2011 1475 2062 1531 &
2093 1492 2184 1546 po-

211 1547 442 1600 tisfimum
472 1551 521 1600 in
555 1544 852 1599 Praefatione
878 1583 894 1607 ,
937 1550 985 1596 in
1016 1563 1108 1613 qua
1141 1547 1303 1598 nescio
1335 1547 1598 1613 quomodo
1645 1555 1693 1601 in
1732 1568 1813 1599 me
1854 1564 2087 1615 torqueat
2126 1546 2181 1599 il-

213 1619 300 1670 lud
333 1621 422 1670 tibi
451 1635 628 1669 notum
661 1615 826 1668 Taciti
862 1615 1077 1668 distum.
1117 1618 1255 1668 Cum
1287 1620 1440 1685 igitur
1475 1619 1688 1671 alienum
1727 1620 1920 1690 semper
1955 1639 1980 1670 a
2021 1619 2182 1671 litera-

212 1708 358 1754 rum,
396 1690 447 1746 ὃς
475 1691 695 1743 veritatis
727 1685 1001 1740 cultoribus
1049 1686 1309 1740 habuerim
1337 1726 1354 1750 ,
1394 1691 1634 1757 opinione
1669 1690 2004 1744 dissentientes
2032 1692 2078 1744 se
2112 1694 2181 1744 in·

213 1767 372 1816 vicem
403 1780 632 1834 carpere3
675 1759 869 1813 tametsi
898 1760 1019 1812 mihi
1065 1763 1112 1811 in
1155 1777 1394 1830 promptu
1446 1762 1633 1825 essent,
1671 1779 1779 1831 quae
1817 1764 1876 1815 ad
1911 1765 2045 1815 edita
2083 1763 2182 1832 jam

212 1835 365 1906 ipsius
396 1836 687 1889 Adversaria
721 1834 1047 1886 consonanter
1079 1831 1463 1902 responderem,
1502 1851 1702 1898 tamen,
1741 1854 1805 1888 ne
1838 1837 1937 1907 ipse
1969 1855 2068 1906 ego
2098 1855 2182 1888 no-

212 1928 275 1962 va
304 1909 610 1962 simultatum
643 1908 822 1959 semina
855 1907 1104 1973 jacerem,
1144 1906 1323 1975 quibus
1358 1924 1383 1956 a
1417 1906 1498 1959 Cl.
1528 1908 1841 1979 Morgagnio
1873 1911 1923 1960 in
1954 1910 2046 1960 suis
2077 1909 2179 1961 [V.

216 1983 283 2034 V.
314 1982 366 2038 ἃ
403 1983 502 2035 VI.
538 1981 837 2033 Adversariis
869 1980 1158 2032 uberiorem
1203 1976 1537 2031 offensionum
1586 1981 1808 2050 segetem
1838 2020 1854 2044 ,
1890 1980 2180 2050 sapientibus

217 2054 349 2107 Viris
379 2052 806 2121 improbantibuS,
846 2052 1138 2122 colligerem
1170 2088 1186 2114 ,
1227 2050 1352 2104 hanc
1384 2050 1626 2104 scribendi
1656 2053 1955 2122 methodum
2003 2055 2181 2107 aversa-

218 2143 326 2188 tus,
364 2124 482 2177 nihil
515 2127 577 2178 ad
607 2144 716 2177 rem
761 2125 1184 2178 accommodatius
1214 2144 1297 2175 me
1333 2122 1575 2176 fafihmnn
1610 2129 1776 2193 putavi
1805 2165 1822 2190 ,
1860 2126 2009 2196 quam
2042 2124 2079 2178 st
2118 2127 2179 2179 ad

215 2215 300 2261 te,
339 2200 432 2250 Vir
459 2195 875 2260 Praestantiffime,
905 2195 1262 2265 confugerem,
1299 2197 1351 2246 in
1387 2212 1487 2263 quo
1519 2197 1625 2249 tota
1658 2199 1994 2252 consentiente
2022 2200 2180 2252 Euro-

217 2271 312 2340 pa,
350 2273 657 2340 praecipuum
686 2288 901 2322 veneror
932 2271 1003 2320 rei
1037 2270 1189 2320 totius
1222 2267 1468 2331 Medicae,
1489 2287 1635 2337 atque
1673 2275 1902 2323 omnium
1937 2273 2178 2324 virtutum

216 2344 418 2396 lumen.
455 2347 508 2396 Si
539 2343 622 2396 Cl.
650 2343 834 2396 Daniel
881 2341 1144 2404 Clericus,
1186 2341 1307 2393 dum
1342 2340 1712 2395 laudatiffimam
1747 2345 1880 2396 suam
1911 2344 2179 2396 Medicinae

215 2415 485 2470 Historiam
518 2418 741 2486 Egregio
772 2414 1085 2467 Bourdeloto
1118 2431 1459 2484 nuncuparet,
1491 2415 1676 2483 scripsit
1698 2455 1714 2479 ,
1768 2431 1866 2482 quo
1903 2415 2013 2482 jure
2045 2415 2178 2485 apud

217 2507 411 2543 veteres
456 2491 705 2542 Literatos
754 2486 979 2540 homines
1013 2490 1061 2539 in
1107 2487 1191 2539 usu
1240 2505 1376 2549 erat,
1416 2489 1495 2541 sua
1543 2490 1653 2541 Diis
1693 2505 1846 2558 opera
1895 2487 2062 2539 dicare
2097 2526 2114 2550 ,
2149 2505 2178 2539 a

219 2563 397 2629 quibus
425 2577 847 2632 protegerentur,
886 2560 1100 2622 eodem,
1139 2563 1241 2611 imo
1271 2559 1432 2612 multo
1468 2563 1686 2624 veriori,
1725 2563 1772 2613 se
1808 2560 2012 2612 credere
2042 2562 2178 2613 idem

218 2651 336 2703 erga
367 2635 576 2704 insignes
606 2633 998 2688 Monarcharum
1021 2630 1310 2686 Archiatros
1343 2635 1443 2685 esse
1474 2632 1889 2702 faciendum,qui
1923 2633 2173 2695 videlicet,

221 2722 312 2756 ceu
354 2709 566 2759 totidem
608 2709 833 2760 Numina
863 2745 880 2769 ,
921 2725 1019 2759 non
1067 2705 1295 2757 fabulosae
1354 2706 1561 2776 praesunt
1608 2709 1913 2770 Medicinae,
1953 2723 2041 2756 cur
2077 2722 2176 2772 ego

221 2793 423 2845 quoque
455 2778 514 2827 ad
544 2795 594 2826 te
628 2778 900 2846 confugere
930 2778 1172 2829 dubitabo
1202 2815 1219 2840 ,
1260 2781 1343 2845 qui
1389 2782 1532 2845 primi
1564 2779 1772 2830 universi
1809 2778 1943 2827 orbis
1976 2779 2178 2827 Monar-

224 2848 328 2900 chae
361 2847 623 2900 Archiater
654 2866 706 2898 es
737 2848 1071 2914 digniffimuS,
1109 2867 1209 2898 non
1245 2851 1444 2912 quidem
1479 2866 1532 2898 ut
1578 2849 1777 2914 aliquod
1811 2867 1871 2899 ex
1908 2850 2029 2897 meis
2059 2865 2177 2918 ope-

222 2922 354 2974 ribus
384 2938 647 2989 protegaS,
686 2919 818 2986 quod
866 2935 993 2969 nunc
1024 2916 1350 2968 celeberrimo
1385 2918 1503 2969 Tuo
1549 2921 1774 2971 Nomine
1806 2918 2036 2987 infigi·.·ire
2074 2940 2176 2975 non

227 2996 388 3047 audeo
421 3030 438 3055 ,
491 2994 568 3044 sed
616 3010 668 3043 ut
717 3009 886 3043 meam
947 2989 1247 3057 cognoscere
1296 2991 1483 3042 causam
1534 3010 1631 3043 non
1682 2995 1898 3060 graveris
1927 2995 2030 3054 ,in
2076 3010 2175 3062 qua

225 3087 307 3131 te,
345 3066 478 3136 quod
525 3065 583 3117 ad
632 3083 711 3115 rne
750 3066 956 3126 attinet,
994 3063 1260 3133 plenissima
1291 3061 1580 3115 amstorstare
1618 3064 1857 3116 arbitrum
1900 3063 2173 3119 constituo.

227 3137 584 3211 Quamobrem
620 3137 828 3189 eandem
862 3135 951 3188 tibi
984 3136 1184 3205 exposui
1215 3155 1312 3189 non
1348 3134 1446 3188 sine
1494 3137 1584 3188 illis
1617 3140 1761 3190 animi
1800 3136 2039 3201 sensibus,
2071 3143 2171 3208 qui-

227 3215 316 3267 bus
363 3211 444 3266 Cl.
490 3213 794 3281 Morgagnio
832 3209 1046 3264 satisfieri
1077 3207 1248 3280 poffit,
1282 3208 1318 3261 fi
1351 3209 1567 3333 tubipse,
1595 3212 1687 3264 Vir
1717 3208 2060 3273 Illustrissime,
2090 3230 2176 3266 eos

1515 3302 1544 3334 ,τι
2017 3301 2098 3337 ve·
